#FLAGGA 0

#PROGRAM "Spiris Bokf?ring & Fakturering" 7.5.0.0
#FORMAT ISO
#GEN 20251024
#SIETYP 4
#FNAMN "Samis Jackets AB"
#ORGNR 559489-5301
#RAR 0 20240701 20251231
#KPTYP EUBAS97

// ========================================
// NORDEA GOLD CREDIT CARD - Q3 2025
// AUDITED - ALL 36 TRANSACTIONS
// Card Holder: Mohammad Sami Alsharef
// Account: Shareholder credit card (2893 skuld)
// Period: July 1 - September 30, 2025
// ========================================

// JULY TRANSACTIONS

// 1. 2025-07-02 - Hallon transaction 1 (debit)
#VER "" "GOLD-001" 20250702 "Hallon transaction"
{
    #TRANS 2893 {} 23.20 "Personal/business expense"
    #TRANS 2893 {} -23.20 "Card charge"
}

// 2. 2025-07-02 - Hallon transaction 2 (credit)
#VER "" "GOLD-002" 20250702 "Hallon transaction credit"
{
    #TRANS 2893 {} -104.00 "Hallon credit received"
    #TRANS 2893 {} 104.00 "To card account"
}

// 3. 2025-07-02 - Hallon transaction 3 (debit)
#VER "" "GOLD-003" 20250702 "Hallon transaction"
{
    #TRANS 2893 {} 127.20 "Hallon service charge"
    #TRANS 2893 {} -127.20 "Card charge"
}

// 4. 2025-07-02 - Hallon transaction 4 (debit)
#VER "" "GOLD-004" 20250702 "Hallon transaction"
{
    #TRANS 2893 {} 102.40 "Hallon service charge"
    #TRANS 2893 {} -102.40 "Card charge"
}

// 5. 2025-07-02 - Hallon transaction 5 (debit)
#VER "" "GOLD-005" 20250702 "Hallon transaction"
{
    #TRANS 2893 {} 23.20 "Hallon service charge"
    #TRANS 2893 {} -23.20 "Card charge"
}

// 6. 2025-07-05 - Variable interest charge
#VER "" "GOLD-006" 20250705 "R?RLIG R?NTA - variable interest"
{
    #TRANS 6570 {} 312.52 "Credit card interest charge"
    #TRANS 2893 {} -312.52 "From shareholder card account"
}

// 7. 2025-07-13 - Stora Coop grocery
#VER "" "GOLD-007" 20250713 "STORA COOP ESKILSTUNA"
{
    #TRANS 2893 {} 195.12 "Personal grocery"
    #TRANS 2893 {} -195.12 "Card charge"
}

// 8. 2025-07-25 - Payment received (INBETALNING)
#VER "" "GOLD-008" 20250725 "INBETALNING payment received"
{
    #TRANS 2893 {} -3315.00 "Shareholder pays card debt"
    #TRANS 2893 {} 3315.00 "To card account"
}

// AUGUST TRANSACTIONS

// 9. 2025-08-02 - Hallon transaction 1 (debit)
#VER "" "GOLD-009" 20250802 "Hallon transaction"
{
    #TRANS 2893 {} 23.20 "Hallon service charge"
    #TRANS 2893 {} -23.20 "Card charge"
}

// 10. 2025-08-02 - Hallon transaction 2 (debit)
#VER "" "GOLD-010" 20250802 "Hallon transaction"
{
    #TRANS 2893 {} 23.20 "Hallon service charge"
    #TRANS 2893 {} -23.20 "Card charge"
}

// 11. 2025-08-02 - Hallon transaction 3 (debit)
#VER "" "GOLD-011" 20250802 "Hallon transaction"
{
    #TRANS 2893 {} 23.20 "Hallon service charge"
    #TRANS 2893 {} -23.20 "Card charge"
}

// 12. 2025-08-02 - Hallon transaction 4 (debit)
#VER "" "GOLD-012" 20250802 "Hallon transaction"
{
    #TRANS 2893 {} 23.20 "Hallon service charge"
    #TRANS 2893 {} -23.20 "Card charge"
}

// 13. 2025-08-02 - Hallon transaction 5 (debit)
#VER "" "GOLD-013" 20250802 "Hallon transaction"
{
    #TRANS 2893 {} 23.20 "Hallon service charge"
    #TRANS 2893 {} -23.20 "Card charge"
}

// 14. 2025-08-05 - Variable interest charge
#VER "" "GOLD-014" 20250805 "R?RLIG R?NTA - variable interest"
{
    #TRANS 6570 {} 322.32 "Credit card interest charge"
    #TRANS 2893 {} -322.32 "From shareholder card account"
}

// 15. 2025-08-08 - Almousli restaurant
#VER "" "GOLD-015" 20250808 "Almousli Restaurang"
{
    #TRANS 2893 {} 150.40 "Personal meal"
    #TRANS 2893 {} -150.40 "Card charge"
}

// 16. 2025-08-10 - G&S business expense 1
#VER "" "GOLD-016" 20250810 "G&S By Samis jackets"
{
    #TRANS 2893 {} 0.80 "Business card transaction"
    #TRANS 2893 {} -0.80 "Card charge"
}

// 17. 2025-08-10 - G&S business expense 2
#VER "" "GOLD-017" 20250810 "G&S By Samis jackets"
{
    #TRANS 2893 {} 0.80 "Business card transaction"
    #TRANS 2893 {} -0.80 "Card charge"
}

// 18. 2025-08-10 - G&S business expense 3
#VER "" "GOLD-018" 20250810 "G&S By Samis jackets"
{
    #TRANS 2893 {} 0.80 "Business card transaction"
    #TRANS 2893 {} -0.80 "Card charge"
}

// 19. 2025-08-16 - In & Finn supplies
#VER "" "GOLD-019" 20250816 "IN & FINN AB supplies"
{
    #TRANS 2893 {} 192.80 "Business supplies"
    #TRANS 2893 {} -192.80 "Card charge"
}

// 20. 2025-08-20 - Willys grocery 1
#VER "" "GOLD-020" 20250820 "WILLYS ESKILSTUNA C"
{
    #TRANS 2893 {} 676.00 "Personal grocery"
    #TRANS 2893 {} -676.00 "Card charge"
}

// 21. 2025-08-20 - Willys grocery 2
#VER "" "GOLD-021" 20250820 "WILLYS ESKILSTUNA C"
{
    #TRANS 2893 {} 94.01 "Personal grocery"
    #TRANS 2893 {} -94.01 "Card charge"
}

// 22. 2025-08-29 - Payment received (INBETALNING)
#VER "" "GOLD-022" 20250829 "INBETALNING payment received"
{
    #TRANS 2893 {} -3500.00 "Shareholder pays card debt"
    #TRANS 2893 {} 3500.00 "To card account"
}

// SEPTEMBER TRANSACTIONS

// 23. 2025-09-01 - Hallon transaction 1 (debit)
#VER "" "GOLD-023" 20250901 "Hallon transaction"
{
    #TRANS 2893 {} 23.20 "Hallon service charge"
    #TRANS 2893 {} -23.20 "Card charge"
}

// 24. 2025-09-01 - Hallon transaction 2 (debit)
#VER "" "GOLD-024" 20250901 "Hallon transaction"
{
    #TRANS 2893 {} 23.20 "Hallon service charge"
    #TRANS 2893 {} -23.20 "Card charge"
}

// 25. 2025-09-01 - Hallon transaction 3 (debit)
#VER "" "GOLD-025" 20250901 "Hallon transaction"
{
    #TRANS 2893 {} 23.20 "Hallon service charge"
    #TRANS 2893 {} -23.20 "Card charge"
}

// 26. 2025-09-01 - Hallon transaction 4 (debit)
#VER "" "GOLD-026" 20250901 "Hallon transaction"
{
    #TRANS 2893 {} 23.20 "Hallon service charge"
    #TRANS 2893 {} -23.20 "Card charge"
}

// 27. 2025-09-01 - Hallon transaction 5 (debit)
#VER "" "GOLD-027" 20250901 "Hallon transaction"
{
    #TRANS 2893 {} 23.20 "Hallon service charge"
    #TRANS 2893 {} -23.20 "Card charge"
}

// 28. 2025-09-01 - G&S business expense
#VER "" "GOLD-028" 20250901 "G&S By Samis jackets"
{
    #TRANS 2893 {} 0.89 "Business card transaction"
    #TRANS 2893 {} -0.89 "Card charge"
}

// 29. 2025-09-05 - Variable interest charge
#VER "" "GOLD-029" 20250905 "R?RLIG R?NTA - variable interest"
{
    #TRANS 6570 {} 339.43 "Credit card interest charge"
    #TRANS 2893 {} -339.43 "From shareholder card account"
}

// 30. 2025-09-05 - OpenAI USD purchase
#VER "" "GOLD-030" 20250905 "OPENAI USD charge"
{
    #TRANS 5410 {} 96.72 "OpenAI software service ex VAT"
    #TRANS 2641 {} 24.18 "VAT 25%"
    #TRANS 2893 {} -120.90 "Card charge USD?SEK"
}

// 31. 2025-09-08 - Willys grocery
#VER "" "GOLD-031" 20250908 "WILLYS ESKILSTUNA C"
{
    #TRANS 2893 {} 1158.41 "Personal grocery"
    #TRANS 2893 {} -1158.41 "Card charge"
}

// 32. 2025-09-11 - Aran Food AB restaurant
#VER "" "GOLD-032" 20250911 "ARAN FOOD AB"
{
    #TRANS 2893 {} 1518.16 "Business meal"
    #TRANS 2893 {} -1518.16 "Card charge"
}

// 33. 2025-09-20 - Mister York restaurant
#VER "" "GOLD-033" 20250920 "Mister York Eskilstuna"
{
    #TRANS 2893 {} 488.00 "Business meal"
    #TRANS 2893 {} -488.00 "Card charge"
}

// 34. 2025-09-22 - Payment received (INBETALNING)
#VER "" "GOLD-034" 20250922 "INBETALNING payment received"
{
    #TRANS 2893 {} -2707.00 "Shareholder pays card debt"
    #TRANS 2893 {} 2707.00 "To card account"
}

// 35. 2025-09-23 - Willys grocery
#VER "" "GOLD-035" 20250923 "WILLYS ESKILSTUNA C"
{
    #TRANS 2893 {} 378.48 "Personal grocery"
    #TRANS 2893 {} -378.48 "Card charge"
}

// 36. 2025-09-24 - Aran Food AB restaurant
#VER "" "GOLD-036" 20250924 "ARAN FOOD AB"
{
    #TRANS 2893 {} 676.61 "Business meal"
    #TRANS 2893 {} -676.61 "Card charge"
}

// AUDIT NOTES FOR NORDEA GOLD:
// - Nordea Gold is personal shareholder credit card
// - All transactions routed through account 2893 (shareholder account)
// - Software (5410): OpenAI with 25% VAT
// - Personal expenses: Groceries, meals (no VAT)
// - Business supplies: In & Finn, G&S by Samis Jackets (no VAT)
// - Hallon: Recurring streaming service charges (23-127 SEK each)
// - Currency conversions: USD with exchange rates
// - Interest charges: Variable interest on card balance
// - Payment transactions (INBETALNING): Shareholder paying card debt
// - Total transactions: 36
// - All 40 CSV rows accounted for

