#FLAGGA 0

#PROGRAM "Spiris Bokf?ring & Fakturering" 7.5.0.0
#FORMAT ISO
#GEN 20251027
#SIETYP 4
#FNAMN "Samis Jackets AB"
#ORGNR 559489-5301
#RAR 0 20240701 20251231
#KPTYP EUBAS97

// OPENING BALANCES
#IB 0 1460 820846.95
#IB 0 2893 -150000.00

// TRANSACTIONS Q3 2025
#VER "" "20250701-0097" 20250701 "Google GSUITE_samisjac"
{
    #TRANS 5200 {} 73.70
    #TRANS 1930 {} -73.70
    #TRANS 2641 {} 18.43
    #TRANS 1930 {} -18.43
}
#VER "" "20250701-0098" 20250701 "TikTok Ads"
{
    #TRANS 5250 {} 55.77
    #TRANS 1930 {} -55.77
}
#VER "" "20250702-0033" 20250702 "hallon"
{
    #TRANS 6992 {} 29.00
    #TRANS 1930 {} -29.00
}
#VER "" "20250702-0034" 20250702 "hallon"
{
    #TRANS 1930 {} 130.00
    #TRANS 6992 {} -130.00
}
#VER "" "20250702-0035" 20250702 "hallon"
{
    #TRANS 6992 {} 159.00
    #TRANS 1930 {} -159.00
}
#VER "" "20250702-0036" 20250702 "hallon"
{
    #TRANS 6992 {} 128.00
    #TRANS 1930 {} -128.00
}
#VER "" "20250702-0037" 20250702 "hallon"
{
    #TRANS 6992 {} 29.00
    #TRANS 1930 {} -29.00
}
#VER "" "20250702-0038" 20250702 "hallon"
{
    #TRANS 6992 {} 29.00
    #TRANS 1930 {} -29.00
}
#VER "" "20250704-0094" 20250704 "WILLYS ESKILSTUNA C"
{
    #TRANS 6992 {} 80.90
    #TRANS 1930 {} -80.90
}
#VER "" "20250704-0095" 20250704 "WILLYS ESKILSTUNA C"
{
    #TRANS 6992 {} 845.00
    #TRANS 1930 {} -845.00
}
#VER "" "20250704-0096" 20250704 "ARAN FOOD AB"
{
    #TRANS 6992 {} 114.00
    #TRANS 1930 {} -114.00
}
#VER "" "20250705-0032" 20250705 "R?RLIG R?NTA"
{
    #TRANS 6570 {} 390.65
    #TRANS 1930 {} -390.65
}
#VER "" "20250705-0090" 20250705 "LIDL166ETUNARABERGSTOR"
{
    #TRANS 6992 {} 269.93
    #TRANS 1930 {} -269.93
}
#VER "" "20250705-0091" 20250705 "R?RLIG R?NTA"
{
    #TRANS 6570 {} 848.90
    #TRANS 1930 {} -848.90
}
#VER "" "20250705-0092" 20250705 "ARAN FOOD AB"
{
    #TRANS 6992 {} 609.12
    #TRANS 1930 {} -609.12
}
#VER "" "20250705-0093" 20250705 "ARAN FOOD AB"
{
    #TRANS 6992 {} 176.90
    #TRANS 1930 {} -176.90
}
#VER "" "20250706-0089" 20250706 "SORMLANDSTRAFIKEN"
{
    #TRANS 6992 {} 23.00
    #TRANS 1930 {} -23.00
}
#VER "" "20250707-0088" 20250707 "ARAN FOOD AB"
{
    #TRANS 6992 {} 312.75
    #TRANS 1930 {} -312.75
}
#VER "" "20250708-0087" 20250708 "ARAN FOOD AB"
{
    #TRANS 6992 {} 209.99
    #TRANS 1930 {} -209.99
}
#VER "" "20250711-0086" 20250711 "APPLE.COM/BILL"
{
    #TRANS 5150 {} 30.40
    #TRANS 1930 {} -30.40
    #TRANS 2641 {} 7.60
    #TRANS 1930 {} -7.60
}
#VER "" "20250713-0031" 20250713 "STORA COOP ESKILSTUNA"
{
    #TRANS 6992 {} 243.90
    #TRANS 1930 {} -243.90
}
#VER "" "20250716-0085" 20250716 "APPLE.COM/BILL"
{
    #TRANS 5150 {} 14.40
    #TRANS 1930 {} -14.40
    #TRANS 2641 {} 3.60
    #TRANS 1930 {} -3.60
}
#VER "" "20250719-0084" 20250719 "AIMO, AIMO PARK"
{
    #TRANS 5360 {} 354.95
    #TRANS 1930 {} -354.95
}
#VER "" "20250725-0030" 20250725 "INBETALNING"
{
    #TRANS 1930 {} 3315.00
    #TRANS 1930 {} -3315.00
}
#VER "" "20250725-0083" 20250725 "INBETALNING"
{
    #TRANS 1930 {} 5000.00
    #TRANS 1930 {} -5000.00
}
#VER "" "20250731-0029" 20250731 "ANTHROPIC"
{
    #TRANS 5200 {} 792.53
    #TRANS 1930 {} -792.53
    #TRANS 2641 {} 198.13
    #TRANS 1930 {} -198.13
}
#VER "" "20250731-0081" 20250731 "Nordea Cashback"
{
    #TRANS 1930 {} 18.90
    #TRANS 3051 {} -18.90
}
#VER "" "20250731-0082" 20250731 "AIMO, AIMO PARK"
{
    #TRANS 5360 {} 34.95
    #TRANS 1930 {} -34.95
}
#VER "" "20250801-0080" 20250801 "Google GSUITE_samisjac"
{
    #TRANS 5200 {} 52.94
    #TRANS 1930 {} -52.94
    #TRANS 2641 {} 13.24
    #TRANS 1930 {} -13.24
}
#VER "" "20250802-0024" 20250802 "hallon"
{
    #TRANS 6992 {} 9.00
    #TRANS 1930 {} -9.00
}
#VER "" "20250802-0025" 20250802 "hallon"
{
    #TRANS 6992 {} 29.00
    #TRANS 1930 {} -29.00
}
#VER "" "20250802-0026" 20250802 "hallon"
{
    #TRANS 6992 {} 29.00
    #TRANS 1930 {} -29.00
}
#VER "" "20250802-0027" 20250802 "hallon"
{
    #TRANS 6992 {} 29.00
    #TRANS 1930 {} -29.00
}
#VER "" "20250802-0028" 20250802 "hallon"
{
    #TRANS 6992 {} 29.00
    #TRANS 1930 {} -29.00
}
#VER "" "20250805-0023" 20250805 "R?RLIG R?NTA"
{
    #TRANS 6570 {} 402.90
    #TRANS 1930 {} -402.90
}
#VER "" "20250805-0078" 20250805 "?RSAVGIFT"
{
    #TRANS 6992 {} 1200.00
    #TRANS 1930 {} -1200.00
}
#VER "" "20250805-0079" 20250805 "R?RLIG R?NTA"
{
    #TRANS 6570 {} 844.15
    #TRANS 1930 {} -844.15
}
#VER "" "20250808-0022" 20250808 "Almousli Restaurang"
{
    #TRANS 6992 {} 188.00
    #TRANS 1930 {} -188.00
}
#VER "" "20250810-0019" 20250810 "G&S By Samis jackets"
{
    #TRANS 6992 {} 1.00
    #TRANS 1930 {} -1.00
}
#VER "" "20250810-0020" 20250810 "G&S By Samis jackets"
{
    #TRANS 6992 {} 1.00
    #TRANS 1930 {} -1.00
}
#VER "" "20250810-0021" 20250810 "G&S By Samis jackets"
{
    #TRANS 6992 {} 1.00
    #TRANS 1930 {} -1.00
}
#VER "" "20250811-0077" 20250811 "APPLE.COM/BILL"
{
    #TRANS 5150 {} 199.20
    #TRANS 1930 {} -199.20
    #TRANS 2641 {} 49.80
    #TRANS 1930 {} -49.80
}
#VER "" "20250813-0076" 20250813 "Malardalstrafik AB"
{
    #TRANS 6992 {} 367.00
    #TRANS 1930 {} -367.00
}
#VER "" "20250816-0018" 20250816 "IN & FINN AB"
{
    #TRANS 5250 {} 192.80
    #TRANS 1930 {} -192.80
    #TRANS 2641 {} 48.20
    #TRANS 1930 {} -48.20
}
#VER "" "20250816-0073" 20250816 "SHOPIFY* 404278789"
{
    #TRANS 5250 {} 409.08
    #TRANS 1930 {} -409.08
}
#VER "" "20250816-0074" 20250816 "CLAS OHLSON"
{
    #TRANS 6992 {} 79.90
    #TRANS 1930 {} -79.90
}
#VER "" "20250816-0075" 20250816 "APPLE.COM/BILL"
{
    #TRANS 5150 {} 14.40
    #TRANS 1930 {} -14.40
    #TRANS 2641 {} 3.60
    #TRANS 1930 {} -3.60
}
#VER "" "20250817-0069" 20250817 "BILTEMA ESKILSTUNA"
{
    #TRANS 6992 {} 531.20
    #TRANS 1930 {} -531.20
}
#VER "" "20250817-0070" 20250817 "HEMKOP ESKILSTUNA C"
{
    #TRANS 6992 {} 106.95
    #TRANS 1930 {} -106.95
}
#VER "" "20250817-0071" 20250817 "BABYLON LIVS"
{
    #TRANS 6992 {} 64.00
    #TRANS 1930 {} -64.00
}
#VER "" "20250817-0072" 20250817 "MCDESKILSTUNACITY"
{
    #TRANS 6992 {} 35.00
    #TRANS 1930 {} -35.00
}
#VER "" "20250818-0067" 20250818 "BABYLON LIVS"
{
    #TRANS 6992 {} 295.90
    #TRANS 1930 {} -295.90
}
#VER "" "20250818-0068" 20250818 "AVAND LIVS"
{
    #TRANS 6992 {} 8.00
    #TRANS 1930 {} -8.00
}
#VER "" "20250820-0016" 20250820 "WILLYS ESKILSTUNA C"
{
    #TRANS 6992 {} 845.00
    #TRANS 1930 {} -845.00
}
#VER "" "20250820-0017" 20250820 "WILLYS ESKILSTUNA C"
{
    #TRANS 6992 {} 117.51
    #TRANS 1930 {} -117.51
}
#VER "" "20250824-0065" 20250824 "AIMO, AIMO PARK"
{
    #TRANS 5360 {} 354.95
    #TRANS 1930 {} -354.95
}
#VER "" "20250824-0066" 20250824 "GEIDEAE*MIMOCODES"
{
    #TRANS 6992 {} 114.72
    #TRANS 1930 {} -114.72
}
#VER "" "20250826-0062" 20250826 "G&S By Samis jackets"
{
    #TRANS 6992 {} 1.00
    #TRANS 1930 {} -1.00
}
#VER "" "20250826-0063" 20250826 "G&S By Samis jackets"
{
    #TRANS 6992 {} 1.00
    #TRANS 1930 {} -1.00
}
#VER "" "20250826-0064" 20250826 "G&S By Samis jackets"
{
    #TRANS 6992 {} 1.00
    #TRANS 1930 {} -1.00
}
#VER "" "20250828-0061" 20250828 "ARAN FOOD AB"
{
    #TRANS 6992 {} 100.51
    #TRANS 1930 {} -100.51
}
#VER "" "20250829-0015" 20250829 "INBETALNING"
{
    #TRANS 1930 {} 3500.00
    #TRANS 1930 {} -3500.00
}
#VER "" "20250829-0060" 20250829 "INBETALNING"
{
    #TRANS 1930 {} 4500.00
    #TRANS 1930 {} -4500.00
}
#VER "" "20250830-0058" 20250830 "WILLYS ESKILSTUNA C"
{
    #TRANS 6992 {} 2796.66
    #TRANS 1930 {} -2796.66
}
#VER "" "20250830-0059" 20250830 "WILLYS ESKILSTUNA C"
{
    #TRANS 6992 {} 845.00
    #TRANS 1930 {} -845.00
}
#VER "" "20250831-0057" 20250831 "Nordea Cashback"
{
    #TRANS 1930 {} 12.25
    #TRANS 3051 {} -12.25
}
#VER "" "20250901-0009" 20250901 "hallon"
{
    #TRANS 6992 {} 9.00
    #TRANS 1930 {} -9.00
}
#VER "" "20250901-0010" 20250901 "hallon"
{
    #TRANS 6992 {} 29.00
    #TRANS 1930 {} -29.00
}
#VER "" "20250901-0011" 20250901 "hallon"
{
    #TRANS 6992 {} 29.00
    #TRANS 1930 {} -29.00
}
#VER "" "20250901-0012" 20250901 "hallon"
{
    #TRANS 6992 {} 29.00
    #TRANS 1930 {} -29.00
}
#VER "" "20250901-0013" 20250901 "hallon"
{
    #TRANS 6992 {} 29.00
    #TRANS 1930 {} -29.00
}
#VER "" "20250901-0014" 20250901 "G&S By Samis jackets"
{
    #TRANS 6992 {} 1.11
    #TRANS 1930 {} -1.11
}
#VER "" "20250901-0056" 20250901 "Google GSUITE_samisjac"
{
    #TRANS 5200 {} 51.27
    #TRANS 1930 {} -51.27
    #TRANS 2641 {} 12.82
    #TRANS 1930 {} -12.82
}
#VER "" "20250902-0055" 20250902 "SHOPIFY* 412666599"
{
    #TRANS 5250 {} 156.65
    #TRANS 1930 {} -156.65
}
#VER "" "20250903-0054" 20250903 "ARAN FOOD AB"
{
    #TRANS 6992 {} 777.38
    #TRANS 1930 {} -777.38
}
#VER "" "20250905-0007" 20250905 "OPENAI"
{
    #TRANS 5200 {} 96.72
    #TRANS 1930 {} -96.72
    #TRANS 2641 {} 24.18
    #TRANS 1930 {} -24.18
}
#VER "" "20250905-0008" 20250905 "R?RLIG R?NTA"
{
    #TRANS 6570 {} 424.29
    #TRANS 1930 {} -424.29
}
#VER "" "20250905-0053" 20250905 "R?RLIG R?NTA"
{
    #TRANS 6570 {} 857.97
    #TRANS 1930 {} -857.97
}
#VER "" "20250906-0052" 20250906 "Almousli Restaurang"
{
    #TRANS 6992 {} 180.00
    #TRANS 1930 {} -180.00
}
#VER "" "20250907-0050" 20250907 "One.com"
{
    #TRANS 5200 {} 99.00
    #TRANS 1930 {} -99.00
    #TRANS 2641 {} 24.75
    #TRANS 1930 {} -24.75
}
#VER "" "20250907-0051" 20250907 "Touma group Ab Eskilst"
{
    #TRANS 5410 {} 271.20
    #TRANS 1930 {} -271.20
    #TRANS 2641 {} 67.80
    #TRANS 1930 {} -67.80
}
#VER "" "20250908-0006" 20250908 "WILLYS ESKILSTUNA C"
{
    #TRANS 6992 {} 1448.01
    #TRANS 1930 {} -1448.01
}
#VER "" "20250911-0005" 20250911 "ARAN FOOD AB"
{
    #TRANS 6992 {} 1897.70
    #TRANS 1930 {} -1897.70
}
#VER "" "20250911-0049" 20250911 "APPLE.COM/BILL"
{
    #TRANS 5150 {} 199.20
    #TRANS 1930 {} -199.20
    #TRANS 2641 {} 49.80
    #TRANS 1930 {} -49.80
}
#VER "" "20250913-0048" 20250913 "SHOPIFY* 417343066"
{
    #TRANS 5250 {} 400.82
    #TRANS 1930 {} -400.82
}
#VER "" "20250916-0047" 20250916 "APPLE.COM/BILL"
{
    #TRANS 5150 {} 14.40
    #TRANS 1930 {} -14.40
    #TRANS 2641 {} 3.60
    #TRANS 1930 {} -3.60
}
#VER "" "20250920-0004" 20250920 "Mister York Eskilstuna"
{
    #TRANS 6992 {} 610.00
    #TRANS 1930 {} -610.00
}
#VER "" "20250922-0003" 20250922 "INBETALNING"
{
    #TRANS 1930 {} 2707.00
    #TRANS 1930 {} -2707.00
}
#VER "" "20250922-0046" 20250922 "INBETALNING"
{
    #TRANS 1930 {} 6338.00
    #TRANS 1930 {} -6338.00
}
#VER "" "20250923-0002" 20250923 "WILLYS ESKILSTUNA C"
{
    #TRANS 6992 {} 473.10
    #TRANS 1930 {} -473.10
}
#VER "" "20250924-0001" 20250924 "ARAN FOOD AB"
{
    #TRANS 6992 {} 845.76
    #TRANS 1930 {} -845.76
}
#VER "" "20250924-0045" 20250924 "TikTok Ads"
{
    #TRANS 5250 {} 1588.00
    #TRANS 1930 {} -1588.00
}
#VER "" "20250927-0042" 20250927 "AIMO, AIMO PARK"
{
    #TRANS 5360 {} 354.95
    #TRANS 1930 {} -354.95
}
#VER "" "20250927-0043" 20250927 "APPLE.COM/BILL"
{
    #TRANS 5150 {} 95.20
    #TRANS 1930 {} -95.20
    #TRANS 2641 {} 23.80
    #TRANS 1930 {} -23.80
}
#VER "" "20250927-0044" 20250927 "APPLE.COM/BILL"
{
    #TRANS 5150 {} 95.20
    #TRANS 1930 {} -95.20
    #TRANS 2641 {} 23.80
    #TRANS 1930 {} -23.80
}
#VER "" "20250928-0040" 20250928 "WILLYS ESKILSTUNA C"
{
    #TRANS 6992 {} 746.53
    #TRANS 1930 {} -746.53
}
#VER "" "20250928-0041" 20250928 "WILLYS ESKILSTUNA C"
{
    #TRANS 6992 {} 430.00
    #TRANS 1930 {} -430.00
}
#VER "" "20250930-0039" 20250930 "Nordea Cashback"
{
    #TRANS 1930 {} 38.16
    #TRANS 3051 {} -38.16
}
#VER "" "20250930-0099" 20250930 "Sales Revenue"
{
    #TRANS 1948 {} 798.40
    #TRANS 3051 {} -798.40
    #TRANS 2641 {} 199.60
    #TRANS 3051 {} -199.60
}
#VER "" "20250930-0100" 20250930 "COGS"
{
    #TRANS 4110 {} 499.00
    #TRANS 1460 {} -499.00
}
#VER "" "20250930-0101" 20250930 "Sales Revenue"
{
    #TRANS 1948 {} 1596.80
    #TRANS 3051 {} -1596.80
    #TRANS 2641 {} 399.20
    #TRANS 3051 {} -399.20
}
#VER "" "20250930-0102" 20250930 "COGS"
{
    #TRANS 4110 {} 998.00
    #TRANS 1460 {} -998.00
}
#VER "" "20250930-0103" 20250930 "Sales Revenue"
{
    #TRANS 1948 {} 1197.60
    #TRANS 3051 {} -1197.60
    #TRANS 2641 {} 299.40
    #TRANS 3051 {} -299.40
}
#VER "" "20250930-0104" 20250930 "COGS"
{
    #TRANS 4110 {} 748.50
    #TRANS 1460 {} -748.50
}
#VER "" "20250930-0105" 20250930 "Sales Revenue"
{
    #TRANS 1948 {} 399.20
    #TRANS 3051 {} -399.20
    #TRANS 2641 {} 99.80
    #TRANS 3051 {} -99.80
}
#VER "" "20250930-0106" 20250930 "COGS"
{
    #TRANS 4110 {} 249.50
    #TRANS 1460 {} -249.50
}
#VER "" "20250930-0107" 20250930 "Sales Revenue"
{
    #TRANS 1948 {} 399.20
    #TRANS 3051 {} -399.20
    #TRANS 2641 {} 99.80
    #TRANS 3051 {} -99.80
}
#VER "" "20250930-0108" 20250930 "COGS"
{
    #TRANS 4110 {} 249.50
    #TRANS 1460 {} -249.50
}
#VER "" "20250930-0109" 20250930 "Sales Revenue"
{
    #TRANS 1948 {} 399.20
    #TRANS 3051 {} -399.20
    #TRANS 2641 {} 99.80
    #TRANS 3051 {} -99.80
}
#VER "" "20250930-0110" 20250930 "COGS"
{
    #TRANS 4110 {} 249.50
    #TRANS 1460 {} -249.50
}
#VER "" "20250930-0111" 20250930 "Sales Revenue"
{
    #TRANS 1948 {} 557.76
    #TRANS 3051 {} -557.76
    #TRANS 2641 {} 139.44
    #TRANS 3051 {} -139.44
}
#VER "" "20250930-0112" 20250930 "COGS"
{
    #TRANS 4110 {} 346.50
    #TRANS 1460 {} -346.50
}
#VER "" "20250930-0113" 20250930 "Sales Revenue"
{
    #TRANS 1948 {} 79.20
    #TRANS 3051 {} -79.20
    #TRANS 2641 {} 19.80
    #TRANS 3051 {} -19.80
}
#VER "" "20250930-0114" 20250930 "Sales Revenue"
{
    #TRANS 1948 {} 719.20
    #TRANS 3051 {} -719.20
    #TRANS 2641 {} 179.80
    #TRANS 3051 {} -179.80
}
#VER "" "20250930-0115" 20250930 "COGS"
{
    #TRANS 4110 {} 899.25
    #TRANS 1460 {} -899.25
}
#VER "" "20250930-0116" 20250930 "Sales Revenue"
{
    #TRANS 1948 {} 639.20
    #TRANS 3051 {} -639.20
    #TRANS 2641 {} 159.80
    #TRANS 3051 {} -159.80
}
#VER "" "20250930-0117" 20250930 "COGS"
{
    #TRANS 4110 {} 899.25
    #TRANS 1460 {} -899.25
}
#VER "" "20250930-0118" 20250930 "Sales Revenue"
{
    #TRANS 1948 {} 639.20
    #TRANS 3051 {} -639.20
    #TRANS 2641 {} 159.80
    #TRANS 3051 {} -159.80
}
#VER "" "20250930-0119" 20250930 "COGS"
{
    #TRANS 4110 {} 899.25
    #TRANS 1460 {} -899.25
}
#VER "" "20250930-0120" 20250930 "Sales Revenue"
{
    #TRANS 1948 {} 639.20
    #TRANS 3051 {} -639.20
    #TRANS 2641 {} 159.80
    #TRANS 3051 {} -159.80
}
#VER "" "20250930-0121" 20250930 "COGS"
{
    #TRANS 4110 {} 899.25
    #TRANS 1460 {} -899.25
}
#VER "" "20250930-0122" 20250930 "Sales Revenue"
{
    #TRANS 1948 {} 639.20
    #TRANS 3051 {} -639.20
    #TRANS 2641 {} 159.80
    #TRANS 3051 {} -159.80
}
#VER "" "20250930-0123" 20250930 "Sales Revenue"
{
    #TRANS 1948 {} 478.03
    #TRANS 3051 {} -478.03
    #TRANS 2641 {} 119.51
    #TRANS 3051 {} -119.51
}
#VER "" "20250930-0124" 20250930 "COGS"
{
    #TRANS 4110 {} 449.25
    #TRANS 1460 {} -449.25
}
#VER "" "20250930-0125" 20250930 "Sales Revenue"
{
    #TRANS 1948 {} 436.46
    #TRANS 3051 {} -436.46
    #TRANS 2641 {} 109.12
    #TRANS 3051 {} -109.12
}
#VER "" "20250930-0126" 20250930 "COGS"
{
    #TRANS 4110 {} 449.25
    #TRANS 1460 {} -449.25
}
#VER "" "20250930-0127" 20250930 "Sales Revenue"
{
    #TRANS 1948 {} 893.23
    #TRANS 3051 {} -893.23
    #TRANS 2641 {} 223.31
    #TRANS 3051 {} -223.31
}
#VER "" "20250930-0128" 20250930 "COGS"
{
    #TRANS 4110 {} 898.50
    #TRANS 1460 {} -898.50
}
#VER "" "20250930-0129" 20250930 "Sales Revenue"
{
    #TRANS 1948 {} 415.20
    #TRANS 3051 {} -415.20
    #TRANS 2641 {} 103.80
    #TRANS 3051 {} -103.80
}
#VER "" "20250930-0130" 20250930 "Sales Revenue"
{
    #TRANS 1948 {} 639.20
    #TRANS 3051 {} -639.20
    #TRANS 2641 {} 159.80
    #TRANS 3051 {} -159.80
}
#VER "" "20250930-0131" 20250930 "Sales Revenue"
{
    #TRANS 1948 {} 878.03
    #TRANS 3051 {} -878.03
    #TRANS 2641 {} 219.51
    #TRANS 3051 {} -219.51
}
#VER "" "20250930-0132" 20250930 "COGS"
{
    #TRANS 4110 {} 898.50
    #TRANS 1460 {} -898.50
}
#VER "" "20250930-0133" 20250930 "Sales Revenue"
{
    #TRANS 1948 {} 415.20
    #TRANS 3051 {} -415.20
    #TRANS 2641 {} 103.80
    #TRANS 3051 {} -103.80
}
#VER "" "20250930-0134" 20250930 "Sales Revenue"
{
    #TRANS 1948 {} 639.20
    #TRANS 3051 {} -639.20
    #TRANS 2641 {} 159.80
    #TRANS 3051 {} -159.80
}
#VER "" "20250930-0135" 20250930 "Sales Revenue"
{
    #TRANS 1948 {} 639.20
    #TRANS 3051 {} -639.20
    #TRANS 2641 {} 159.80
    #TRANS 3051 {} -159.80
}
#VER "" "20250930-0136" 20250930 "Sales Revenue"
{
    #TRANS 1948 {} 544.00
    #TRANS 3051 {} -544.00
    #TRANS 2641 {} 136.00
    #TRANS 3051 {} -136.00
}
#VER "" "20250930-0137" 20250930 "COGS"
{
    #TRANS 4110 {} 899.25
    #TRANS 1460 {} -899.25
}
#VER "" "20250930-0138" 20250930 "Sales Revenue"
{
    #TRANS 1948 {} 964.26
    #TRANS 3051 {} -964.26
    #TRANS 2641 {} 241.07
    #TRANS 3051 {} -241.07
}
#VER "" "20250930-0139" 20250930 "COGS"
{
    #TRANS 4110 {} 899.25
    #TRANS 1460 {} -899.25
}
#VER "" "20250930-0140" 20250930 "Sales Revenue"
{
    #TRANS 1948 {} 964.26
    #TRANS 3051 {} -964.26
    #TRANS 2641 {} 241.07
    #TRANS 3051 {} -241.07
}
#VER "" "20250930-0141" 20250930 "COGS"
{
    #TRANS 4110 {} 899.25
    #TRANS 1460 {} -899.25
}
#VER "" "20250930-0142" 20250930 "Sales Revenue"
{
    #TRANS 1948 {} 633.25
    #TRANS 3051 {} -633.25
    #TRANS 2641 {} 158.31
    #TRANS 3051 {} -158.31
}
#VER "" "20250930-0143" 20250930 "COGS"
{
    #TRANS 4110 {} 599.25
    #TRANS 1460 {} -599.25
}
#VER "" "20250930-0144" 20250930 "Sales Revenue"
{
    #TRANS 1948 {} 964.26
    #TRANS 3051 {} -964.26
    #TRANS 2641 {} 241.07
    #TRANS 3051 {} -241.07
}
#VER "" "20250930-0145" 20250930 "COGS"
{
    #TRANS 4110 {} 899.25
    #TRANS 1460 {} -899.25
}
#VER "" "20250930-0146" 20250930 "Sales Revenue"
{
    #TRANS 1948 {} 964.26
    #TRANS 3051 {} -964.26
    #TRANS 2641 {} 241.07
    #TRANS 3051 {} -241.07
}
#VER "" "20250930-0147" 20250930 "COGS"
{
    #TRANS 4110 {} 899.25
    #TRANS 1460 {} -899.25
}
#VER "" "20250930-0148" 20250930 "Sales Revenue"
{
    #TRANS 1948 {} 964.26
    #TRANS 3051 {} -964.26
    #TRANS 2641 {} 241.07
    #TRANS 3051 {} -241.07
}
#VER "" "20250930-0149" 20250930 "COGS"
{
    #TRANS 4110 {} 899.25
    #TRANS 1460 {} -899.25
}
#VER "" "20250930-0150" 20250930 "Sales Revenue"
{
    #TRANS 1948 {} 864.00
    #TRANS 3051 {} -864.00
    #TRANS 2641 {} 216.00
    #TRANS 3051 {} -216.00
}
#VER "" "20250930-0151" 20250930 "COGS"
{
    #TRANS 4110 {} 899.25
    #TRANS 1460 {} -899.25
}
#VER "" "20250930-0152" 20250930 "Sales Revenue"
{
    #TRANS 1948 {} 399.20
    #TRANS 3051 {} -399.20
    #TRANS 2641 {} 99.80
    #TRANS 3051 {} -99.80
}
#VER "" "20250930-0153" 20250930 "COGS"
{
    #TRANS 4110 {} 299.25
    #TRANS 1460 {} -299.25
}
#VER "" "20250930-0154" 20250930 "Sales Revenue"
{
    #TRANS 1948 {} 292.80
    #TRANS 3051 {} -292.80
    #TRANS 2641 {} 73.20
    #TRANS 3051 {} -73.20
}
#VER "" "20250930-0155" 20250930 "Sales Revenue"
{
    #TRANS 1948 {} 399.20
    #TRANS 3051 {} -399.20
    #TRANS 2641 {} 99.80
    #TRANS 3051 {} -99.80
}
#VER "" "20250930-0156" 20250930 "COGS"
{
    #TRANS 4110 {} 299.25
    #TRANS 1460 {} -299.25
}
#VER "" "20250930-0157" 20250930 "Sales Revenue"
{
    #TRANS 1948 {} 798.40
    #TRANS 3051 {} -798.40
    #TRANS 2641 {} 199.60
    #TRANS 3051 {} -199.60
}
#VER "" "20250930-0158" 20250930 "COGS"
{
    #TRANS 4110 {} 598.50
    #TRANS 1460 {} -598.50
}
#VER "" "20250930-0159" 20250930 "Sales Revenue"
{
    #TRANS 1948 {} 399.20
    #TRANS 3051 {} -399.20
    #TRANS 2641 {} 99.80
    #TRANS 3051 {} -99.80
}
#VER "" "20250930-0160" 20250930 "COGS"
{
    #TRANS 4110 {} 299.25
    #TRANS 1460 {} -299.25
}
#VER "" "20250930-0161" 20250930 "Sales Revenue"
{
    #TRANS 1948 {} 415.20
    #TRANS 3051 {} -415.20
    #TRANS 2641 {} 103.80
    #TRANS 3051 {} -103.80
}
#VER "" "20250930-0162" 20250930 "Sales Revenue"
{
    #TRANS 1948 {} 414.40
    #TRANS 3051 {} -414.40
    #TRANS 2641 {} 103.60
    #TRANS 3051 {} -103.60
}
#VER "" "20250930-0163" 20250930 "COGS"
{
    #TRANS 4110 {} 389.25
    #TRANS 1460 {} -389.25
}
#VER "" "20250930-0164" 20250930 "Sales Revenue"
{
    #TRANS 1948 {} 419.72
    #TRANS 3051 {} -419.72
    #TRANS 2641 {} 104.93
    #TRANS 3051 {} -104.93
}
#VER "" "20250930-0165" 20250930 "COGS"
{
    #TRANS 4110 {} 389.25
    #TRANS 1460 {} -389.25
}
#VER "" "20250930-0166" 20250930 "Sales Revenue"
{
    #TRANS 1948 {} 415.20
    #TRANS 3051 {} -415.20
    #TRANS 2641 {} 103.80
    #TRANS 3051 {} -103.80
}
#VER "" "20250930-0167" 20250930 "Sales Revenue"
{
    #TRANS 1948 {} 419.72
    #TRANS 3051 {} -419.72
    #TRANS 2641 {} 104.93
    #TRANS 3051 {} -104.93
}
#VER "" "20250930-0168" 20250930 "COGS"
{
    #TRANS 4110 {} 389.25
    #TRANS 1460 {} -389.25
}
#VER "" "20250930-0169" 20250930 "Sales Revenue"
{
    #TRANS 1948 {} 639.20
    #TRANS 3051 {} -639.20
    #TRANS 2641 {} 159.80
    #TRANS 3051 {} -159.80
}
#VER "" "20250930-0170" 20250930 "Sales Revenue"
{
    #TRANS 1948 {} 419.72
    #TRANS 3051 {} -419.72
    #TRANS 2641 {} 104.93
    #TRANS 3051 {} -104.93
}
#VER "" "20250930-0171" 20250930 "COGS"
{
    #TRANS 4110 {} 389.25
    #TRANS 1460 {} -389.25
}
#VER "" "20250930-0172" 20250930 "Sales Revenue"
{
    #TRANS 1948 {} 639.20
    #TRANS 3051 {} -639.20
    #TRANS 2641 {} 159.80
    #TRANS 3051 {} -159.80
}
#VER "" "20250930-0173" 20250930 "Sales Revenue"
{
    #TRANS 1948 {} 415.20
    #TRANS 3051 {} -415.20
    #TRANS 2641 {} 103.80
    #TRANS 3051 {} -103.80
}
#VER "" "20250930-0174" 20250930 "Sales Revenue"
{
    #TRANS 1948 {} 415.20
    #TRANS 3051 {} -415.20
    #TRANS 2641 {} 103.80
    #TRANS 3051 {} -103.80
}
#VER "" "20250930-0175" 20250930 "Sales Revenue"
{
    #TRANS 1948 {} 419.72
    #TRANS 3051 {} -419.72
    #TRANS 2641 {} 104.93
    #TRANS 3051 {} -104.93
}
#VER "" "20250930-0176" 20250930 "COGS"
{
    #TRANS 4110 {} 389.25
    #TRANS 1460 {} -389.25
}
#VER "" "20250930-0177" 20250930 "Sales Revenue"
{
    #TRANS 1948 {} 419.72
    #TRANS 3051 {} -419.72
    #TRANS 2641 {} 104.93
    #TRANS 3051 {} -104.93
}
#VER "" "20250930-0178" 20250930 "COGS"
{
    #TRANS 4110 {} 389.25
    #TRANS 1460 {} -389.25
}
#VER "" "20250930-0179" 20250930 "Sales Revenue"
{
    #TRANS 1948 {} 959.20
    #TRANS 3051 {} -959.20
    #TRANS 2641 {} 239.80
    #TRANS 3051 {} -239.80
}
#VER "" "20250930-0180" 20250930 "COGS"
{
    #TRANS 4110 {} 749.25
    #TRANS 1460 {} -749.25
}
#VER "" "20250930-0181" 20250930 "Sales Revenue"
{
    #TRANS 1948 {} 959.20
    #TRANS 3051 {} -959.20
    #TRANS 2641 {} 239.80
    #TRANS 3051 {} -239.80
}
#VER "" "20250930-0182" 20250930 "COGS"
{
    #TRANS 4110 {} 749.25
    #TRANS 1460 {} -749.25
}
#VER "" "20250930-0183" 20250930 "Sales Revenue"
{
    #TRANS 1948 {} 959.20
    #TRANS 3051 {} -959.20
    #TRANS 2641 {} 239.80
    #TRANS 3051 {} -239.80
}
#VER "" "20250930-0184" 20250930 "COGS"
{
    #TRANS 4110 {} 749.25
    #TRANS 1460 {} -749.25
}
#VER "" "20250930-0185" 20250930 "Sales Revenue"
{
    #TRANS 1948 {} 882.06
    #TRANS 3051 {} -882.06
    #TRANS 2641 {} 220.52
    #TRANS 3051 {} -220.52
}
#VER "" "20250930-0186" 20250930 "COGS"
{
    #TRANS 4110 {} 374.25
    #TRANS 1460 {} -374.25
}
#VER "" "20250930-0187" 20250930 "Sales Revenue"
{
    #TRANS 1948 {} 145.60
    #TRANS 3051 {} -145.60
    #TRANS 2641 {} 36.40
    #TRANS 3051 {} -36.40
}
#VER "" "20250930-0188" 20250930 "Sales Revenue"
{
    #TRANS 1948 {} 289.60
    #TRANS 3051 {} -289.60
    #TRANS 2641 {} 72.40
    #TRANS 3051 {} -72.40
}
#VER "" "20250930-0189" 20250930 "Sales Revenue"
{
    #TRANS 1948 {} 415.68
    #TRANS 3051 {} -415.68
    #TRANS 2641 {} 103.92
    #TRANS 3051 {} -103.92
}
#VER "" "20250930-0190" 20250930 "COGS"
{
    #TRANS 4110 {} 389.25
    #TRANS 1460 {} -389.25
}
#VER "" "20250930-0191" 20250930 "Sales Revenue"
{
    #TRANS 1948 {} 415.68
    #TRANS 3051 {} -415.68
    #TRANS 2641 {} 103.92
    #TRANS 3051 {} -103.92
}
#VER "" "20250930-0192" 20250930 "COGS"
{
    #TRANS 4110 {} 389.25
    #TRANS 1460 {} -389.25
}
#VER "" "20250930-0193" 20250930 "Sales Revenue"
{
    #TRANS 1948 {} 639.20
    #TRANS 3051 {} -639.20
    #TRANS 2641 {} 159.80
    #TRANS 3051 {} -159.80
}
#VER "" "20250930-0194" 20250930 "Sales Revenue"
{
    #TRANS 1948 {} 415.68
    #TRANS 3051 {} -415.68
    #TRANS 2641 {} 103.92
    #TRANS 3051 {} -103.92
}
#VER "" "20250930-0195" 20250930 "COGS"
{
    #TRANS 4110 {} 389.25
    #TRANS 1460 {} -389.25
}
#VER "" "20250930-0196" 20250930 "Sales Revenue"
{
    #TRANS 1948 {} 488.42
    #TRANS 3051 {} -488.42
    #TRANS 2641 {} 122.11
    #TRANS 3051 {} -122.11
}
#VER "" "20250930-0197" 20250930 "COGS"
{
    #TRANS 4110 {} 453.75
    #TRANS 1460 {} -453.75
}
#VER "" "20250930-0198" 20250930 "Sales Revenue"
{
    #TRANS 1948 {} 415.20
    #TRANS 3051 {} -415.20
    #TRANS 2641 {} 103.80
    #TRANS 3051 {} -103.80
}
#VER "" "20250930-0199" 20250930 "Sales Revenue"
{
    #TRANS 1948 {} 803.46
    #TRANS 3051 {} -803.46
    #TRANS 2641 {} 200.87
    #TRANS 3051 {} -200.87
}
#VER "" "20250930-0200" 20250930 "COGS"
{
    #TRANS 4110 {} 749.25
    #TRANS 1460 {} -749.25
}
#VER "" "20250930-0201" 20250930 "Sales Revenue"
{
    #TRANS 1948 {} 803.46
    #TRANS 3051 {} -803.46
    #TRANS 2641 {} 200.87
    #TRANS 3051 {} -200.87
}
#VER "" "20250930-0202" 20250930 "COGS"
{
    #TRANS 4110 {} 749.25
    #TRANS 1460 {} -749.25
}
#VER "" "20250930-0203" 20250930 "Sales Revenue"
{
    #TRANS 1948 {} 803.46
    #TRANS 3051 {} -803.46
    #TRANS 2641 {} 200.87
    #TRANS 3051 {} -200.87
}
#VER "" "20250930-0204" 20250930 "COGS"
{
    #TRANS 4110 {} 749.25
    #TRANS 1460 {} -749.25
}
#VER "" "20250930-0205" 20250930 "Sales Revenue"
{
    #TRANS 1948 {} 803.46
    #TRANS 3051 {} -803.46
    #TRANS 2641 {} 200.87
    #TRANS 3051 {} -200.87
}
#VER "" "20250930-0206" 20250930 "COGS"
{
    #TRANS 4110 {} 749.25
    #TRANS 1460 {} -749.25
}
#VER "" "20250930-0207" 20250930 "Sales Revenue"
{
    #TRANS 1948 {} 639.20
    #TRANS 3051 {} -639.20
    #TRANS 2641 {} 159.80
    #TRANS 3051 {} -159.80
}
#VER "" "20250930-0208" 20250930 "Sales Revenue"
{
    #TRANS 1948 {} 639.20
    #TRANS 3051 {} -639.20
    #TRANS 2641 {} 159.80
    #TRANS 3051 {} -159.80
}
#VER "" "20250930-0209" 20250930 "Sales Revenue"
{
    #TRANS 1948 {} 419.72
    #TRANS 3051 {} -419.72
    #TRANS 2641 {} 104.93
    #TRANS 3051 {} -104.93
}
#VER "" "20250930-0210" 20250930 "COGS"
{
    #TRANS 4110 {} 389.25
    #TRANS 1460 {} -389.25
}
#VER "" "20250930-0211" 20250930 "Sales Revenue"
{
    #TRANS 1948 {} 803.46
    #TRANS 3051 {} -803.46
    #TRANS 2641 {} 200.87
    #TRANS 3051 {} -200.87
}
#VER "" "20250930-0212" 20250930 "COGS"
{
    #TRANS 4110 {} 749.25
    #TRANS 1460 {} -749.25
}
#VER "" "20250930-0213" 20250930 "Sales Revenue"
{
    #TRANS 1948 {} 803.46
    #TRANS 3051 {} -803.46
    #TRANS 2641 {} 200.87
    #TRANS 3051 {} -200.87
}
#VER "" "20250930-0214" 20250930 "COGS"
{
    #TRANS 4110 {} 749.25
    #TRANS 1460 {} -749.25
}
#VER "" "20250930-0215" 20250930 "Sales Revenue"
{
    #TRANS 1948 {} 803.46
    #TRANS 3051 {} -803.46
    #TRANS 2641 {} 200.87
    #TRANS 3051 {} -200.87
}
#VER "" "20250930-0216" 20250930 "COGS"
{
    #TRANS 4110 {} 749.25
    #TRANS 1460 {} -749.25
}
#VER "" "20250930-0217" 20250930 "Sales Revenue"
{
    #TRANS 1948 {} 399.20
    #TRANS 3051 {} -399.20
    #TRANS 2641 {} 99.80
    #TRANS 3051 {} -99.80
}
#VER "" "20250930-0218" 20250930 "COGS"
{
    #TRANS 4110 {} 199.50
    #TRANS 1460 {} -199.50
}
#VER "" "20250930-0219" 20250930 "Sales Revenue"
{
    #TRANS 1948 {} 399.20
    #TRANS 3051 {} -399.20
    #TRANS 2641 {} 99.80
    #TRANS 3051 {} -99.80
}
#VER "" "20250930-0220" 20250930 "COGS"
{
    #TRANS 4110 {} 249.50
    #TRANS 1460 {} -249.50
}
#VER "" "20250930-0221" 20250930 "Sales Revenue"
{
    #TRANS 1948 {} 399.20
    #TRANS 3051 {} -399.20
    #TRANS 2641 {} 99.80
    #TRANS 3051 {} -99.80
}
#VER "" "20250930-0222" 20250930 "COGS"
{
    #TRANS 4110 {} 249.50
    #TRANS 1460 {} -249.50
}
#VER "" "20250930-0223" 20250930 "Sales Revenue"
{
    #TRANS 1948 {} 399.20
    #TRANS 3051 {} -399.20
    #TRANS 2641 {} 99.80
    #TRANS 3051 {} -99.80
}
#VER "" "20250930-0224" 20250930 "COGS"
{
    #TRANS 4110 {} 249.50
    #TRANS 1460 {} -249.50
}
#VER "" "20250930-0225" 20250930 "Sales Revenue"
{
    #TRANS 1948 {} 1555.20
    #TRANS 3051 {} -1555.20
    #TRANS 2641 {} 388.80
    #TRANS 3051 {} -388.80
}
#VER "" "20250930-0226" 20250930 "COGS"
{
    #TRANS 4110 {} 1253.00
    #TRANS 1460 {} -1253.00
}
#VER "" "20250930-0227" 20250930 "Sales Revenue"
{
    #TRANS 1948 {} 120.00
    #TRANS 3051 {} -120.00
    #TRANS 2641 {} 30.00
    #TRANS 3051 {} -30.00
}
#VER "" "20250930-0228" 20250930 "COGS"
{
    #TRANS 4110 {} 89.50
    #TRANS 1460 {} -89.50
}
#VER "" "20250930-0229" 20250930 "Sales Revenue"
{
    #TRANS 1948 {} 574.08
    #TRANS 3051 {} -574.08
    #TRANS 2641 {} 143.52
    #TRANS 3051 {} -143.52
}
#VER "" "20250930-0230" 20250930 "COGS"
{
    #TRANS 4110 {} 358.00
    #TRANS 1460 {} -358.00
}
#VER "" "20250930-0231" 20250930 "Sales Revenue"
{
    #TRANS 1948 {} 143.52
    #TRANS 3051 {} -143.52
    #TRANS 2641 {} 35.88
    #TRANS 3051 {} -35.88
}
#VER "" "20250930-0232" 20250930 "COGS"
{
    #TRANS 4110 {} 89.50
    #TRANS 1460 {} -89.50
}
#VER "" "20250930-0233" 20250930 "Sales Revenue"
{
    #TRANS 1948 {} 143.52
    #TRANS 3051 {} -143.52
    #TRANS 2641 {} 35.88
    #TRANS 3051 {} -35.88
}
#VER "" "20250930-0234" 20250930 "COGS"
{
    #TRANS 4110 {} 89.50
    #TRANS 1460 {} -89.50
}
#VER "" "20250930-0235" 20250930 "Sales Revenue"
{
    #TRANS 1948 {} 559.20
    #TRANS 3051 {} -559.20
    #TRANS 2641 {} 139.80
    #TRANS 3051 {} -139.80
}
#VER "" "20250930-0236" 20250930 "COGS"
{
    #TRANS 4110 {} 349.50
    #TRANS 1460 {} -349.50
}
#VER "" "20250930-0237" 20250930 "Sales Revenue"
{
    #TRANS 1948 {} 359.64
    #TRANS 3051 {} -359.64
    #TRANS 2641 {} 89.91
    #TRANS 3051 {} -89.91
}
#VER "" "20250930-0238" 20250930 "COGS"
{
    #TRANS 4110 {} 449.00
    #TRANS 1460 {} -449.00
}
#VER "" "20250930-0239" 20250930 "Sales Revenue"
{
    #TRANS 1948 {} 399.20
    #TRANS 3051 {} -399.20
    #TRANS 2641 {} 99.80
    #TRANS 3051 {} -99.80
}
#VER "" "20250930-0240" 20250930 "COGS"
{
    #TRANS 4110 {} 224.50
    #TRANS 1460 {} -224.50
}
#VER "" "20250930-0241" 20250930 "Sales Revenue"
{
    #TRANS 1948 {} 399.20
    #TRANS 3051 {} -399.20
    #TRANS 2641 {} 99.80
    #TRANS 3051 {} -99.80
}
#VER "" "20250930-0242" 20250930 "COGS"
{
    #TRANS 4110 {} 224.50
    #TRANS 1460 {} -224.50
}
#VER "" "20250930-0243" 20250930 "Sales Revenue"
{
    #TRANS 1948 {} 39.20
    #TRANS 3051 {} -39.20
    #TRANS 2641 {} 9.80
    #TRANS 3051 {} -9.80
}
#VER "" "20250930-0244" 20250930 "Sales Revenue"
{
    #TRANS 1948 {} 78.18
    #TRANS 3051 {} -78.18
    #TRANS 2641 {} 19.54
    #TRANS 3051 {} -19.54
}
#VER "" "20250930-0245" 20250930 "COGS"
{
    #TRANS 4110 {} 49.50
    #TRANS 1460 {} -49.50
}
#VER "" "20250930-0246" 20250930 "Sales Revenue"
{
    #TRANS 1948 {} 79.20
    #TRANS 3051 {} -79.20
    #TRANS 2641 {} 19.80
    #TRANS 3051 {} -19.80
}
#VER "" "20250930-0247" 20250930 "Sales Revenue"
{
    #TRANS 1948 {} 79.20
    #TRANS 3051 {} -79.20
    #TRANS 2641 {} 19.80
    #TRANS 3051 {} -19.80
}
#VER "" "20250930-0248" 20250930 "Sales Revenue"
{
    #TRANS 1948 {} 399.20
    #TRANS 3051 {} -399.20
    #TRANS 2641 {} 99.80
    #TRANS 3051 {} -99.80
}
#VER "" "20250930-0249" 20250930 "COGS"
{
    #TRANS 4110 {} 249.50
    #TRANS 1460 {} -249.50
}
#VER "" "20250930-0250" 20250930 "Sales Revenue"
{
    #TRANS 1948 {} 559.20
    #TRANS 3051 {} -559.20
    #TRANS 2641 {} 139.80
    #TRANS 3051 {} -139.80
}
#VER "" "20250930-0251" 20250930 "COGS"
{
    #TRANS 4110 {} 249.50
    #TRANS 1460 {} -249.50
}
#VER "" "20250930-0252" 20250930 "Sales Revenue"
{
    #TRANS 1948 {} 399.20
    #TRANS 3051 {} -399.20
    #TRANS 2641 {} 99.80
    #TRANS 3051 {} -99.80
}
#VER "" "20250930-0253" 20250930 "COGS"
{
    #TRANS 4110 {} 249.50
    #TRANS 1460 {} -249.50
}
#VER "" "20250930-0254" 20250930 "Sales Revenue"
{
    #TRANS 1948 {} 399.20
    #TRANS 3051 {} -399.20
    #TRANS 2641 {} 99.80
    #TRANS 3051 {} -99.80
}
#VER "" "20250930-0255" 20250930 "COGS"
{
    #TRANS 4110 {} 249.50
    #TRANS 1460 {} -249.50
}
#VER "" "20250930-0256" 20250930 "Sales Revenue"
{
    #TRANS 1948 {} 1242.96
    #TRANS 3051 {} -1242.96
    #TRANS 2641 {} 310.80
    #TRANS 3051 {} -310.80
}
#VER "" "20250930-0257" 20250930 "COGS"
{
    #TRANS 4110 {} 1096.50
    #TRANS 1460 {} -1096.50
}
#VER "" "20250930-0258" 20250930 "Sales Revenue"
{
    #TRANS 1948 {} 310.75
    #TRANS 3051 {} -310.75
    #TRANS 2641 {} 77.69
    #TRANS 3051 {} -77.69
}
#VER "" "20250930-0259" 20250930 "COGS"
{
    #TRANS 4110 {} 516.00
    #TRANS 1460 {} -516.00
}
#VER "" "20250930-0260" 20250930 "Sales Revenue"
{
    #TRANS 1948 {} 207.16
    #TRANS 3051 {} -207.16
    #TRANS 2641 {} 51.80
    #TRANS 3051 {} -51.80
}
#VER "" "20250930-0261" 20250930 "COGS"
{
    #TRANS 4110 {} 129.00
    #TRANS 1460 {} -129.00
}
#VER "" "20250930-0262" 20250930 "Sales Revenue"
{
    #TRANS 1948 {} 103.58
    #TRANS 3051 {} -103.58
    #TRANS 2641 {} 25.90
    #TRANS 3051 {} -25.90
}
#VER "" "20250930-0263" 20250930 "COGS"
{
    #TRANS 4110 {} 64.50
    #TRANS 1460 {} -64.50
}
#VER "" "20250930-0264" 20250930 "Sales Revenue"
{
    #TRANS 1948 {} 277.60
    #TRANS 3051 {} -277.60
    #TRANS 2641 {} 69.40
    #TRANS 3051 {} -69.40
}
#VER "" "20250930-0265" 20250930 "Sales Revenue"
{
    #TRANS 1948 {} 197.38
    #TRANS 3051 {} -197.38
    #TRANS 2641 {} 49.34
    #TRANS 3051 {} -49.34
}
#VER "" "20250930-0266" 20250930 "COGS"
{
    #TRANS 4110 {} 49.50
    #TRANS 1460 {} -49.50
}
#VER "" "20250930-0267" 20250930 "Sales Revenue"
{
    #TRANS 1948 {} 477.60
    #TRANS 3051 {} -477.60
    #TRANS 2641 {} 119.40
    #TRANS 3051 {} -119.40
}
#VER "" "20250930-0268" 20250930 "COGS"
{
    #TRANS 4110 {} 297.00
    #TRANS 1460 {} -297.00
}
#VER "" "20250930-0269" 20250930 "Sales Revenue"
{
    #TRANS 1948 {} 46.40
    #TRANS 3051 {} -46.40
    #TRANS 2641 {} 11.60
    #TRANS 3051 {} -11.60
}
#VER "" "20250930-0270" 20250930 "Sales Revenue"
{
    #TRANS 1948 {} 172.00
    #TRANS 3051 {} -172.00
    #TRANS 2641 {} 43.00
    #TRANS 3051 {} -43.00
}
#VER "" "20250930-0271" 20250930 "Sales Revenue"
{
    #TRANS 1948 {} 268.04
    #TRANS 3051 {} -268.04
    #TRANS 2641 {} 67.00
    #TRANS 3051 {} -67.00
}
#VER "" "20250930-0272" 20250930 "COGS"
{
    #TRANS 4110 {} 253.50
    #TRANS 1460 {} -253.50
}
#VER "" "20250930-0273" 20250930 "Sales Revenue"
{
    #TRANS 1948 {} 134.02
    #TRANS 3051 {} -134.02
    #TRANS 2641 {} 33.50
    #TRANS 3051 {} -33.50
}
#VER "" "20250930-0274" 20250930 "COGS"
{
    #TRANS 4110 {} 253.50
    #TRANS 1460 {} -253.50
}
#VER "" "20250930-0275" 20250930 "Sales Revenue"
{
    #TRANS 1948 {} 251.28
    #TRANS 3051 {} -251.28
    #TRANS 2641 {} 62.82
    #TRANS 3051 {} -62.82
}
#VER "" "20250930-0276" 20250930 "COGS"
{
    #TRANS 4110 {} 169.00
    #TRANS 1460 {} -169.00
}
#VER "" "20250930-0277" 20250930 "Sales Revenue"
{
    #TRANS 1948 {} 134.02
    #TRANS 3051 {} -134.02
    #TRANS 2641 {} 33.50
    #TRANS 3051 {} -33.50
}
#VER "" "20250930-0278" 20250930 "COGS"
{
    #TRANS 4110 {} 84.50
    #TRANS 1460 {} -84.50
}
#VER "" "20250930-0279" 20250930 "Sales Revenue"
{
    #TRANS 1948 {} 103.58
    #TRANS 3051 {} -103.58
    #TRANS 2641 {} 25.90
    #TRANS 3051 {} -25.90
}
#VER "" "20250930-0280" 20250930 "COGS"
{
    #TRANS 4110 {} 64.50
    #TRANS 1460 {} -64.50
}
#VER "" "20250930-0281" 20250930 "Sales Revenue"
{
    #TRANS 1948 {} 103.58
    #TRANS 3051 {} -103.58
    #TRANS 2641 {} 25.90
    #TRANS 3051 {} -25.90
}
#VER "" "20250930-0282" 20250930 "COGS"
{
    #TRANS 4110 {} 64.50
    #TRANS 1460 {} -64.50
}
#VER "" "20250930-0283" 20250930 "Sales Revenue"
{
    #TRANS 1948 {} 399.20
    #TRANS 3051 {} -399.20
    #TRANS 2641 {} 99.80
    #TRANS 3051 {} -99.80
}
#VER "" "20250930-0284" 20250930 "COGS"
{
    #TRANS 4110 {} 249.50
    #TRANS 1460 {} -249.50
}
#VER "" "20250930-0285" 20250930 "Sales Revenue"
{
    #TRANS 1948 {} 0.79
    #TRANS 3051 {} -0.79
    #TRANS 2641 {} 0.20
    #TRANS 3051 {} -0.20
}
#VER "" "20250930-0286" 20250930 "Sales Revenue"
{
    #TRANS 1948 {} 418.40
    #TRANS 3051 {} -418.40
    #TRANS 2641 {} 104.60
    #TRANS 3051 {} -104.60
}
#VER "" "20250930-0287" 20250930 "Sales Revenue"
{
    #TRANS 1948 {} 402.05
    #TRANS 3051 {} -402.05
    #TRANS 2641 {} 100.51
    #TRANS 3051 {} -100.51
}
#VER "" "20250930-0288" 20250930 "COGS"
{
    #TRANS 4110 {} 253.50
    #TRANS 1460 {} -253.50
}
#VER "" "20250930-0289" 20250930 "Sales Revenue"
{
    #TRANS 1948 {} 134.02
    #TRANS 3051 {} -134.02
    #TRANS 2641 {} 33.50
    #TRANS 3051 {} -33.50
}
#VER "" "20250930-0290" 20250930 "COGS"
{
    #TRANS 4110 {} 84.50
    #TRANS 1460 {} -84.50
}
#VER "" "20250930-0291" 20250930 "Sales Revenue"
{
    #TRANS 1948 {} 559.20
    #TRANS 3051 {} -559.20
    #TRANS 2641 {} 139.80
    #TRANS 3051 {} -139.80
}
#VER "" "20250930-0292" 20250930 "COGS"
{
    #TRANS 4110 {} 349.50
    #TRANS 1460 {} -349.50
}
#VER "" "20250930-0293" 20250930 "Sales Revenue"
{
    #TRANS 1948 {} 119.20
    #TRANS 3051 {} -119.20
    #TRANS 2641 {} 29.80
    #TRANS 3051 {} -29.80
}
#VER "" "20250930-0294" 20250930 "Sales Revenue"
{
    #TRANS 1948 {} 399.20
    #TRANS 3051 {} -399.20
    #TRANS 2641 {} 99.80
    #TRANS 3051 {} -99.80
}
#VER "" "20250930-0295" 20250930 "COGS"
{
    #TRANS 4110 {} 249.50
    #TRANS 1460 {} -249.50
}
#VER "" "20250930-0296" 20250930 "Sales Revenue"
{
    #TRANS 1948 {} 399.20
    #TRANS 3051 {} -399.20
    #TRANS 2641 {} 99.80
    #TRANS 3051 {} -99.80
}
#VER "" "20250930-0297" 20250930 "COGS"
{
    #TRANS 4110 {} 249.50
    #TRANS 1460 {} -249.50
}
#VER "" "20250930-0298" 20250930 "Sales Revenue"
{
    #TRANS 1948 {} 399.20
    #TRANS 3051 {} -399.20
    #TRANS 2641 {} 99.80
    #TRANS 3051 {} -99.80
}
#VER "" "20250930-0299" 20250930 "COGS"
{
    #TRANS 4110 {} 199.50
    #TRANS 1460 {} -199.50
}
#VER "" "20250930-0300" 20250930 "Sales Revenue"
{
    #TRANS 1948 {} 399.20
    #TRANS 3051 {} -399.20
    #TRANS 2641 {} 99.80
    #TRANS 3051 {} -99.80
}
#VER "" "20250930-0301" 20250930 "COGS"
{
    #TRANS 4110 {} 249.50
    #TRANS 1460 {} -249.50
}
#VER "" "20250930-0302" 20250930 "Sales Revenue"
{
    #TRANS 1948 {} 399.20
    #TRANS 3051 {} -399.20
    #TRANS 2641 {} 99.80
    #TRANS 3051 {} -99.80
}
#VER "" "20250930-0303" 20250930 "COGS"
{
    #TRANS 4110 {} 249.50
    #TRANS 1460 {} -249.50
}
#VER "" "20250930-0304" 20250930 "Sales Revenue"
{
    #TRANS 1948 {} 399.20
    #TRANS 3051 {} -399.20
    #TRANS 2641 {} 99.80
    #TRANS 3051 {} -99.80
}
#VER "" "20250930-0305" 20250930 "COGS"
{
    #TRANS 4110 {} 249.50
    #TRANS 1460 {} -249.50
}
#VER "" "20250930-0306" 20250930 "Sales Revenue"
{
    #TRANS 1948 {} 319.68
    #TRANS 3051 {} -319.68
    #TRANS 2641 {} 79.92
    #TRANS 3051 {} -79.92
}
#VER "" "20250930-0307" 20250930 "COGS"
{
    #TRANS 4110 {} 199.50
    #TRANS 1460 {} -199.50
}
#VER "" "20250930-0308" 20250930 "Sales Revenue"
{
    #TRANS 1948 {} 399.20
    #TRANS 3051 {} -399.20
    #TRANS 2641 {} 99.80
    #TRANS 3051 {} -99.80
}
#VER "" "20250930-0309" 20250930 "COGS"
{
    #TRANS 4110 {} 249.50
    #TRANS 1460 {} -249.50
}
#VER "" "20250930-0310" 20250930 "Sales Revenue"
{
    #TRANS 1948 {} 240.00
    #TRANS 3051 {} -240.00
    #TRANS 2641 {} 60.00
    #TRANS 3051 {} -60.00
}
#VER "" "20250930-0311" 20250930 "COGS"
{
    #TRANS 4110 {} 249.50
    #TRANS 1460 {} -249.50
}
#VER "" "20250930-0312" 20250930 "Sales Revenue"
{
    #TRANS 1948 {} 46.40
    #TRANS 3051 {} -46.40
    #TRANS 2641 {} 11.60
    #TRANS 3051 {} -11.60
}
#VER "" "20250930-0313" 20250930 "Sales Revenue"
{
    #TRANS 1948 {} 268.04
    #TRANS 3051 {} -268.04
    #TRANS 2641 {} 67.00
    #TRANS 3051 {} -67.00
}
#VER "" "20250930-0314" 20250930 "COGS"
{
    #TRANS 4110 {} 169.00
    #TRANS 1460 {} -169.00
}
#VER "" "20250930-0315" 20250930 "Sales Revenue"
{
    #TRANS 1948 {} 79.20
    #TRANS 3051 {} -79.20
    #TRANS 2641 {} 19.80
    #TRANS 3051 {} -19.80
}
#VER "" "20250930-0316" 20250930 "COGS"
{
    #TRANS 4110 {} 84.50
    #TRANS 1460 {} -84.50
}
#VER "" "20250930-0317" 20250930 "Sales Revenue"
{
    #TRANS 1948 {} 319.20
    #TRANS 3051 {} -319.20
    #TRANS 2641 {} 79.80
    #TRANS 3051 {} -79.80
}
#VER "" "20250930-0318" 20250930 "COGS"
{
    #TRANS 4110 {} 249.50
    #TRANS 1460 {} -249.50
}
#VER "" "20250930-0319" 20250930 "Sales Revenue"
{
    #TRANS 1948 {} 399.20
    #TRANS 3051 {} -399.20
    #TRANS 2641 {} 99.80
    #TRANS 3051 {} -99.80
}
#VER "" "20250930-0320" 20250930 "COGS"
{
    #TRANS 4110 {} 249.50
    #TRANS 1460 {} -249.50
}
#VER "" "20250930-0321" 20250930 "Sales Revenue"
{
    #TRANS 1948 {} 399.20
    #TRANS 3051 {} -399.20
    #TRANS 2641 {} 99.80
    #TRANS 3051 {} -99.80
}
#VER "" "20250930-0322" 20250930 "COGS"
{
    #TRANS 4110 {} 249.50
    #TRANS 1460 {} -249.50
}
#VER "" "20250930-0323" 20250930 "Sales Revenue"
{
    #TRANS 1948 {} 199.20
    #TRANS 3051 {} -199.20
    #TRANS 2641 {} 49.80
    #TRANS 3051 {} -49.80
}
#VER "" "20250930-0324" 20250930 "COGS"
{
    #TRANS 4110 {} 124.50
    #TRANS 1460 {} -124.50
}
#VER "" "20250930-0325" 20250930 "Sales Revenue"
{
    #TRANS 1948 {} 521.26
    #TRANS 3051 {} -521.26
    #TRANS 2641 {} 130.30
    #TRANS 3051 {} -130.30
}
#VER "" "20250930-0326" 20250930 "COGS"
{
    #TRANS 4110 {} 338.00
    #TRANS 1460 {} -338.00
}
#VER "" "20250930-0327" 20250930 "Sales Revenue"
{
    #TRANS 1948 {} 134.02
    #TRANS 3051 {} -134.02
    #TRANS 2641 {} 33.50
    #TRANS 3051 {} -33.50
}
#VER "" "20250930-0328" 20250930 "COGS"
{
    #TRANS 4110 {} 253.50
    #TRANS 1460 {} -253.50
}
#VER "" "20250930-0329" 20250930 "Sales Revenue"
{
    #TRANS 1948 {} 134.02
    #TRANS 3051 {} -134.02
    #TRANS 2641 {} 33.50
    #TRANS 3051 {} -33.50
}
#VER "" "20250930-0330" 20250930 "COGS"
{
    #TRANS 4110 {} 84.50
    #TRANS 1460 {} -84.50
}
#VER "" "20250930-0331" 20250930 "Sales Revenue"
{
    #TRANS 1948 {} 134.02
    #TRANS 3051 {} -134.02
    #TRANS 2641 {} 33.50
    #TRANS 3051 {} -33.50
}
#VER "" "20250930-0332" 20250930 "COGS"
{
    #TRANS 4110 {} 84.50
    #TRANS 1460 {} -84.50
}
#VER "" "20250930-0333" 20250930 "Sales Revenue"
{
    #TRANS 1948 {} 134.02
    #TRANS 3051 {} -134.02
    #TRANS 2641 {} 33.50
    #TRANS 3051 {} -33.50
}
#VER "" "20250930-0334" 20250930 "COGS"
{
    #TRANS 4110 {} 84.50
    #TRANS 1460 {} -84.50
}
#VER "" "20250930-0335" 20250930 "Sales Revenue"
{
    #TRANS 1948 {} 134.02
    #TRANS 3051 {} -134.02
    #TRANS 2641 {} 33.50
    #TRANS 3051 {} -33.50
}
#VER "" "20250930-0336" 20250930 "COGS"
{
    #TRANS 4110 {} 84.50
    #TRANS 1460 {} -84.50
}
#VER "" "20250930-0337" 20250930 "Sales Revenue"
{
    #TRANS 1948 {} 313.74
    #TRANS 3051 {} -313.74
    #TRANS 2641 {} 78.42
    #TRANS 3051 {} -78.42
}
#VER "" "20250930-0338" 20250930 "COGS"
{
    #TRANS 4110 {} 148.50
    #TRANS 1460 {} -148.50
}
#VER "" "20250930-0339" 20250930 "Sales Revenue"
{
    #TRANS 1948 {} 234.54
    #TRANS 3051 {} -234.54
    #TRANS 2641 {} 58.62
    #TRANS 3051 {} -58.62
}
#VER "" "20250930-0340" 20250930 "COGS"
{
    #TRANS 4110 {} 148.50
    #TRANS 1460 {} -148.50
}
#VER "" "20250930-0341" 20250930 "Sales Revenue"
{
    #TRANS 1948 {} 78.18
    #TRANS 3051 {} -78.18
    #TRANS 2641 {} 19.54
    #TRANS 3051 {} -19.54
}
#VER "" "20250930-0342" 20250930 "COGS"
{
    #TRANS 4110 {} 99.00
    #TRANS 1460 {} -99.00
}
#VER "" "20250930-0343" 20250930 "Sales Revenue"
{
    #TRANS 1948 {} 156.36
    #TRANS 3051 {} -156.36
    #TRANS 2641 {} 39.08
    #TRANS 3051 {} -39.08
}
#VER "" "20250930-0344" 20250930 "COGS"
{
    #TRANS 4110 {} 148.50
    #TRANS 1460 {} -148.50
}
#VER "" "20250930-0345" 20250930 "Sales Revenue"
{
    #TRANS 1948 {} 156.36
    #TRANS 3051 {} -156.36
    #TRANS 2641 {} 39.08
    #TRANS 3051 {} -39.08
}
#VER "" "20250930-0346" 20250930 "COGS"
{
    #TRANS 4110 {} 148.50
    #TRANS 1460 {} -148.50
}
#VER "" "20250930-0347" 20250930 "Sales Revenue"
{
    #TRANS 1948 {} 157.38
    #TRANS 3051 {} -157.38
    #TRANS 2641 {} 39.34
    #TRANS 3051 {} -39.34
}
#VER "" "20250930-0348" 20250930 "COGS"
{
    #TRANS 4110 {} 148.50
    #TRANS 1460 {} -148.50
}
#VER "" "20250930-0349" 20250930 "Sales Revenue"
{
    #TRANS 1948 {} 522.18
    #TRANS 3051 {} -522.18
    #TRANS 2641 {} 130.56
    #TRANS 3051 {} -130.56
}
#VER "" "20250930-0350" 20250930 "COGS"
{
    #TRANS 4110 {} 324.50
    #TRANS 1460 {} -324.50
}
#VER "" "20250930-0351" 20250930 "Sales Revenue"
{
    #TRANS 1948 {} 189.88
    #TRANS 3051 {} -189.88
    #TRANS 2641 {} 47.48
    #TRANS 3051 {} -47.48
}
#VER "" "20250930-0352" 20250930 "COGS"
{
    #TRANS 4110 {} 118.00
    #TRANS 1460 {} -118.00
}
#VER "" "20250930-0353" 20250930 "Sales Revenue"
{
    #TRANS 1948 {} 399.20
    #TRANS 3051 {} -399.20
    #TRANS 2641 {} 99.80
    #TRANS 3051 {} -99.80
}
#VER "" "20250930-0354" 20250930 "COGS"
{
    #TRANS 4110 {} 249.50
    #TRANS 1460 {} -249.50
}
#VER "" "20250930-0355" 20250930 "Sales Revenue"
{
    #TRANS 1948 {} 399.20
    #TRANS 3051 {} -399.20
    #TRANS 2641 {} 99.80
    #TRANS 3051 {} -99.80
}
#VER "" "20250930-0356" 20250930 "COGS"
{
    #TRANS 4110 {} 249.50
    #TRANS 1460 {} -249.50
}
#VER "" "20250930-0357" 20250930 "Sales Revenue"
{
    #TRANS 1948 {} 798.40
    #TRANS 3051 {} -798.40
    #TRANS 2641 {} 199.60
    #TRANS 3051 {} -199.60
}
#VER "" "20250930-0358" 20250930 "COGS"
{
    #TRANS 4110 {} 499.00
    #TRANS 1460 {} -499.00
}
#VER "" "20250930-0359" 20250930 "Sales Revenue"
{
    #TRANS 1948 {} 399.20
    #TRANS 3051 {} -399.20
    #TRANS 2641 {} 99.80
    #TRANS 3051 {} -99.80
}
#VER "" "20250930-0360" 20250930 "COGS"
{
    #TRANS 4110 {} 249.50
    #TRANS 1460 {} -249.50
}
#VER "" "20250930-0361" 20250930 "Sales Revenue"
{
    #TRANS 1948 {} 79.60
    #TRANS 3051 {} -79.60
    #TRANS 2641 {} 19.90
    #TRANS 3051 {} -19.90
}
#VER "" "20250930-0362" 20250930 "COGS"
{
    #TRANS 4110 {} 49.50
    #TRANS 1460 {} -49.50
}
#VER "" "20250930-0363" 20250930 "Sales Revenue"
{
    #TRANS 1948 {} 399.20
    #TRANS 3051 {} -399.20
    #TRANS 2641 {} 99.80
    #TRANS 3051 {} -99.80
}
#VER "" "20250930-0364" 20250930 "COGS"
{
    #TRANS 4110 {} 249.50
    #TRANS 1460 {} -249.50
}
#VER "" "20250930-0365" 20250930 "Sales Revenue"
{
    #TRANS 1948 {} 321.06
    #TRANS 3051 {} -321.06
    #TRANS 2641 {} 80.27
    #TRANS 3051 {} -80.27
}
#VER "" "20250930-0366" 20250930 "COGS"
{
    #TRANS 4110 {} 199.50
    #TRANS 1460 {} -199.50
}
#VER "" "20250930-0367" 20250930 "Sales Revenue"
{
    #TRANS 1948 {} 321.06
    #TRANS 3051 {} -321.06
    #TRANS 2641 {} 80.27
    #TRANS 3051 {} -80.27
}
#VER "" "20250930-0368" 20250930 "COGS"
{
    #TRANS 4110 {} 199.50
    #TRANS 1460 {} -199.50
}
#VER "" "20250930-0369" 20250930 "Sales Revenue"
{
    #TRANS 1948 {} 319.20
    #TRANS 3051 {} -319.20
    #TRANS 2641 {} 79.80
    #TRANS 3051 {} -79.80
}
#VER "" "20250930-0370" 20250930 "COGS"
{
    #TRANS 4110 {} 199.50
    #TRANS 1460 {} -199.50
}
#VER "" "20250930-0371" 20250930 "Sales Revenue"
{
    #TRANS 1948 {} 321.06
    #TRANS 3051 {} -321.06
    #TRANS 2641 {} 80.27
    #TRANS 3051 {} -80.27
}
#VER "" "20250930-0372" 20250930 "COGS"
{
    #TRANS 4110 {} 399.00
    #TRANS 1460 {} -399.00
}
#VER "" "20250930-0373" 20250930 "Sales Revenue"
{
    #TRANS 1948 {} 399.20
    #TRANS 3051 {} -399.20
    #TRANS 2641 {} 99.80
    #TRANS 3051 {} -99.80
}
#VER "" "20250930-0374" 20250930 "COGS"
{
    #TRANS 4110 {} 199.50
    #TRANS 1460 {} -199.50
}
#VER "" "20250930-0375" 20250930 "Sales Revenue"
{
    #TRANS 1948 {} 399.20
    #TRANS 3051 {} -399.20
    #TRANS 2641 {} 99.80
    #TRANS 3051 {} -99.80
}
#VER "" "20250930-0376" 20250930 "COGS"
{
    #TRANS 4110 {} 199.50
    #TRANS 1460 {} -199.50
}
#VER "" "20250930-0377" 20250930 "Sales Revenue"
{
    #TRANS 1948 {} 399.20
    #TRANS 3051 {} -399.20
    #TRANS 2641 {} 99.80
    #TRANS 3051 {} -99.80
}
#VER "" "20250930-0378" 20250930 "COGS"
{
    #TRANS 4110 {} 199.50
    #TRANS 1460 {} -199.50
}
#VER "" "20250930-0379" 20250930 "Sales Revenue"
{
    #TRANS 1948 {} 199.20
    #TRANS 3051 {} -199.20
    #TRANS 2641 {} 49.80
    #TRANS 3051 {} -49.80
}
#VER "" "20250930-0380" 20250930 "Sales Revenue"
{
    #TRANS 1948 {} 279.20
    #TRANS 3051 {} -279.20
    #TRANS 2641 {} 69.80
    #TRANS 3051 {} -69.80
}
#VER "" "20250930-0381" 20250930 "Sales Revenue"
{
    #TRANS 1948 {} 279.20
    #TRANS 3051 {} -279.20
    #TRANS 2641 {} 69.80
    #TRANS 3051 {} -69.80
}
#VER "" "20250930-0382" 20250930 "Sales Revenue"
{
    #TRANS 1948 {} 279.20
    #TRANS 3051 {} -279.20
    #TRANS 2641 {} 69.80
    #TRANS 3051 {} -69.80
}
#VER "" "20250930-0383" 20250930 "COGS"
{
    #TRANS 4110 {} 149.50
    #TRANS 1460 {} -149.50
}
#VER "" "20250930-0384" 20250930 "Sales Revenue"
{
    #TRANS 1948 {} 558.40
    #TRANS 3051 {} -558.40
    #TRANS 2641 {} 139.60
    #TRANS 3051 {} -139.60
}
#VER "" "20250930-0385" 20250930 "Sales Revenue"
{
    #TRANS 1948 {} 239.68
    #TRANS 3051 {} -239.68
    #TRANS 2641 {} 59.92
    #TRANS 3051 {} -59.92
}
#VER "" "20250930-0386" 20250930 "COGS"
{
    #TRANS 4110 {} 149.50
    #TRANS 1460 {} -149.50
}
#VER "" "20250930-0387" 20250930 "Sales Revenue"
{
    #TRANS 1948 {} 479.52
    #TRANS 3051 {} -479.52
    #TRANS 2641 {} 119.88
    #TRANS 3051 {} -119.88
}
#VER "" "20250930-0388" 20250930 "COGS"
{
    #TRANS 4110 {} 1794.00
    #TRANS 1460 {} -1794.00
}
#VER "" "20250930-0389" 20250930 "Sales Revenue"
{
    #TRANS 1948 {} 558.40
    #TRANS 3051 {} -558.40
    #TRANS 2641 {} 139.60
    #TRANS 3051 {} -139.60
}
#VER "" "20250930-0390" 20250930 "Sales Revenue"
{
    #TRANS 1948 {} 279.20
    #TRANS 3051 {} -279.20
    #TRANS 2641 {} 69.80
    #TRANS 3051 {} -69.80
}
#VER "" "20250930-0391" 20250930 "Sales Revenue"
{
    #TRANS 1948 {} 279.20
    #TRANS 3051 {} -279.20
    #TRANS 2641 {} 69.80
    #TRANS 3051 {} -69.80
}
#VER "" "20250930-0392" 20250930 "Sales Revenue"
{
    #TRANS 1948 {} 279.20
    #TRANS 3051 {} -279.20
    #TRANS 2641 {} 69.80
    #TRANS 3051 {} -69.80
}
#VER "" "20250930-0393" 20250930 "COGS"
{
    #TRANS 4110 {} 149.50
    #TRANS 1460 {} -149.50
}
#VER "" "20250930-0394" 20250930 "Sales Revenue"
{
    #TRANS 1948 {} 280.00
    #TRANS 3051 {} -280.00
    #TRANS 2641 {} 70.00
    #TRANS 3051 {} -70.00
}
#VER "" "20250930-0395" 20250930 "Sales Revenue"
{
    #TRANS 1948 {} 1770.15
    #TRANS 3051 {} -1770.15
    #TRANS 2641 {} 442.58
    #TRANS 3051 {} -442.58
}
#VER "" "20250930-0396" 20250930 "COGS"
{
    #TRANS 4110 {} 1250.00
    #TRANS 1460 {} -1250.00
}
#VER "" "20250930-0397" 20250930 "Sales Revenue"
{
    #TRANS 1948 {} 2376.79
    #TRANS 3051 {} -2376.79
    #TRANS 2641 {} 594.20
    #TRANS 3051 {} -594.20
}
#VER "" "20250930-0398" 20250930 "Sales Revenue"
{
    #TRANS 1948 {} 927.20
    #TRANS 3051 {} -927.20
    #TRANS 2641 {} 231.80
    #TRANS 3051 {} -231.80
}
#VER "" "20250930-0399" 20250930 "Sales Revenue"
{
    #TRANS 1948 {} 394.90
    #TRANS 3051 {} -394.90
    #TRANS 2641 {} 98.72
    #TRANS 3051 {} -98.72
}
#VER "" "20250930-0400" 20250930 "COGS"
{
    #TRANS 4110 {} 249.50
    #TRANS 1460 {} -249.50
}
#VER "" "20250930-0401" 20250930 "Sales Revenue"
{
    #TRANS 1948 {} 1193.30
    #TRANS 3051 {} -1193.30
    #TRANS 2641 {} 298.32
    #TRANS 3051 {} -298.32
}
#VER "" "20250930-0402" 20250930 "COGS"
{
    #TRANS 4110 {} 249.50
    #TRANS 1460 {} -249.50
}
#VER "" "20250930-0403" 20250930 "Sales Revenue"
{
    #TRANS 1948 {} 559.20
    #TRANS 3051 {} -559.20
    #TRANS 2641 {} 139.80
    #TRANS 3051 {} -139.80
}
#VER "" "20250930-0404" 20250930 "Sales Revenue"
{
    #TRANS 1948 {} 394.90
    #TRANS 3051 {} -394.90
    #TRANS 2641 {} 98.72
    #TRANS 3051 {} -98.72
}
#VER "" "20250930-0405" 20250930 "COGS"
{
    #TRANS 4110 {} 249.50
    #TRANS 1460 {} -249.50
}
#VER "" "20250930-0406" 20250930 "Sales Revenue"
{
    #TRANS 1948 {} 399.60
    #TRANS 3051 {} -399.60
    #TRANS 2641 {} 99.90
    #TRANS 3051 {} -99.90
}
#VER "" "20250930-0407" 20250930 "COGS"
{
    #TRANS 4110 {} 249.50
    #TRANS 1460 {} -249.50
}
#VER "" "20250930-0408" 20250930 "Sales Revenue"
{
    #TRANS 1948 {} 399.60
    #TRANS 3051 {} -399.60
    #TRANS 2641 {} 99.90
    #TRANS 3051 {} -99.90
}
#VER "" "20250930-0409" 20250930 "COGS"
{
    #TRANS 4110 {} 249.50
    #TRANS 1460 {} -249.50
}
#VER "" "20250930-0410" 20250930 "Sales Revenue"
{
    #TRANS 1948 {} 399.60
    #TRANS 3051 {} -399.60
    #TRANS 2641 {} 99.90
    #TRANS 3051 {} -99.90
}
#VER "" "20250930-0411" 20250930 "COGS"
{
    #TRANS 4110 {} 249.50
    #TRANS 1460 {} -249.50
}
#VER "" "20250930-0412" 20250930 "Sales Revenue"
{
    #TRANS 1948 {} 399.60
    #TRANS 3051 {} -399.60
    #TRANS 2641 {} 99.90
    #TRANS 3051 {} -99.90
}
#VER "" "20250930-0413" 20250930 "COGS"
{
    #TRANS 4110 {} 249.50
    #TRANS 1460 {} -249.50
}
#VER "" "20250930-0414" 20250930 "Sales Revenue"
{
    #TRANS 1948 {} 399.60
    #TRANS 3051 {} -399.60
    #TRANS 2641 {} 99.90
    #TRANS 3051 {} -99.90
}
#VER "" "20250930-0415" 20250930 "COGS"
{
    #TRANS 4110 {} 249.50
    #TRANS 1460 {} -249.50
}
#VER "" "20250930-0416" 20250930 "Sales Revenue"
{
    #TRANS 1948 {} 798.80
    #TRANS 3051 {} -798.80
    #TRANS 2641 {} 199.70
    #TRANS 3051 {} -199.70
}
#VER "" "20250930-0417" 20250930 "COGS"
{
    #TRANS 4110 {} 249.50
    #TRANS 1460 {} -249.50
}
#VER "" "20250930-0418" 20250930 "Sales Revenue"
{
    #TRANS 1948 {} 399.20
    #TRANS 3051 {} -399.20
    #TRANS 2641 {} 99.80
    #TRANS 3051 {} -99.80
}
#VER "" "20250930-0419" 20250930 "Sales Revenue"
{
    #TRANS 1948 {} 399.60
    #TRANS 3051 {} -399.60
    #TRANS 2641 {} 99.90
    #TRANS 3051 {} -99.90
}
#VER "" "20250930-0420" 20250930 "COGS"
{
    #TRANS 4110 {} 249.50
    #TRANS 1460 {} -249.50
}
#VER "" "20250930-0421" 20250930 "Sales Revenue"
{
    #TRANS 1948 {} 399.60
    #TRANS 3051 {} -399.60
    #TRANS 2641 {} 99.90
    #TRANS 3051 {} -99.90
}
#VER "" "20250930-0422" 20250930 "COGS"
{
    #TRANS 4110 {} 249.50
    #TRANS 1460 {} -249.50
}
#VER "" "20250930-0423" 20250930 "Sales Revenue"
{
    #TRANS 1948 {} 399.20
    #TRANS 3051 {} -399.20
    #TRANS 2641 {} 99.80
    #TRANS 3051 {} -99.80
}
#VER "" "20250930-0424" 20250930 "Sales Revenue"
{
    #TRANS 1948 {} 399.20
    #TRANS 3051 {} -399.20
    #TRANS 2641 {} 99.80
    #TRANS 3051 {} -99.80
}
#VER "" "20250930-0425" 20250930 "Sales Revenue"
{
    #TRANS 1948 {} 1757.20
    #TRANS 3051 {} -1757.20
    #TRANS 2641 {} 439.30
    #TRANS 3051 {} -439.30
}
#VER "" "20250930-0426" 20250930 "COGS"
{
    #TRANS 4110 {} 249.50
    #TRANS 1460 {} -249.50
}
#VER "" "20250930-0427" 20250930 "Sales Revenue"
{
    #TRANS 1948 {} 372.80
    #TRANS 3051 {} -372.80
    #TRANS 2641 {} 93.20
    #TRANS 3051 {} -93.20
}
#VER "" "20250930-0428" 20250930 "Sales Revenue"
{
    #TRANS 1948 {} 279.20
    #TRANS 3051 {} -279.20
    #TRANS 2641 {} 69.80
    #TRANS 3051 {} -69.80
}
#VER "" "20250930-0429" 20250930 "Sales Revenue"
{
    #TRANS 1948 {} 236.50
    #TRANS 3051 {} -236.50
    #TRANS 2641 {} 59.13
    #TRANS 3051 {} -59.13
}
#VER "" "20250930-0430" 20250930 "COGS"
{
    #TRANS 4110 {} 149.50
    #TRANS 1460 {} -149.50
}
#VER "" "20250930-0431" 20250930 "Sales Revenue"
{
    #TRANS 1948 {} 239.20
    #TRANS 3051 {} -239.20
    #TRANS 2641 {} 59.80
    #TRANS 3051 {} -59.80
}
#VER "" "20250930-0432" 20250930 "Sales Revenue"
{
    #TRANS 1948 {} 239.20
    #TRANS 3051 {} -239.20
    #TRANS 2641 {} 59.80
    #TRANS 3051 {} -59.80
}
#VER "" "20250930-0433" 20250930 "Sales Revenue"
{
    #TRANS 1948 {} 279.20
    #TRANS 3051 {} -279.20
    #TRANS 2641 {} 69.80
    #TRANS 3051 {} -69.80
}
#VER "" "20250930-0434" 20250930 "Sales Revenue"
{
    #TRANS 1948 {} 236.50
    #TRANS 3051 {} -236.50
    #TRANS 2641 {} 59.13
    #TRANS 3051 {} -59.13
}
#VER "" "20250930-0435" 20250930 "COGS"
{
    #TRANS 4110 {} 149.50
    #TRANS 1460 {} -149.50
}
#VER "" "20250930-0436" 20250930 "Sales Revenue"
{
    #TRANS 1948 {} 279.20
    #TRANS 3051 {} -279.20
    #TRANS 2641 {} 69.80
    #TRANS 3051 {} -69.80
}
#VER "" "20250930-0437" 20250930 "Sales Revenue"
{
    #TRANS 1948 {} 239.20
    #TRANS 3051 {} -239.20
    #TRANS 2641 {} 59.80
    #TRANS 3051 {} -59.80
}
#VER "" "20250930-0438" 20250930 "Sales Revenue"
{
    #TRANS 1948 {} 279.20
    #TRANS 3051 {} -279.20
    #TRANS 2641 {} 69.80
    #TRANS 3051 {} -69.80
}
#VER "" "20250930-0439" 20250930 "Sales Revenue"
{
    #TRANS 1948 {} 279.20
    #TRANS 3051 {} -279.20
    #TRANS 2641 {} 69.80
    #TRANS 3051 {} -69.80
}
#VER "" "20250930-0440" 20250930 "Sales Revenue"
{
    #TRANS 1948 {} 239.40
    #TRANS 3051 {} -239.40
    #TRANS 2641 {} 59.85
    #TRANS 3051 {} -59.85
}
#VER "" "20250930-0441" 20250930 "COGS"
{
    #TRANS 4110 {} 149.50
    #TRANS 1460 {} -149.50
}
#VER "" "20250930-0442" 20250930 "Sales Revenue"
{
    #TRANS 1948 {} 239.40
    #TRANS 3051 {} -239.40
    #TRANS 2641 {} 59.85
    #TRANS 3051 {} -59.85
}
#VER "" "20250930-0443" 20250930 "COGS"
{
    #TRANS 4110 {} 149.50
    #TRANS 1460 {} -149.50
}
#VER "" "20250930-0444" 20250930 "Sales Revenue"
{
    #TRANS 1948 {} 478.80
    #TRANS 3051 {} -478.80
    #TRANS 2641 {} 119.70
    #TRANS 3051 {} -119.70
}
#VER "" "20250930-0445" 20250930 "COGS"
{
    #TRANS 4110 {} 299.00
    #TRANS 1460 {} -299.00
}
#VER "" "20250930-0446" 20250930 "Sales Revenue"
{
    #TRANS 1948 {} 239.40
    #TRANS 3051 {} -239.40
    #TRANS 2641 {} 59.85
    #TRANS 3051 {} -59.85
}
#VER "" "20250930-0447" 20250930 "COGS"
{
    #TRANS 4110 {} 149.50
    #TRANS 1460 {} -149.50
}
#VER "" "20250930-0448" 20250930 "Sales Revenue"
{
    #TRANS 1948 {} 239.20
    #TRANS 3051 {} -239.20
    #TRANS 2641 {} 59.80
    #TRANS 3051 {} -59.80
}
#VER "" "20250930-0449" 20250930 "Sales Revenue"
{
    #TRANS 1948 {} 268.04
    #TRANS 3051 {} -268.04
    #TRANS 2641 {} 67.00
    #TRANS 3051 {} -67.00
}
#VER "" "20250930-0450" 20250930 "COGS"
{
    #TRANS 4110 {} 169.00
    #TRANS 1460 {} -169.00
}
#VER "" "20250930-0451" 20250930 "Sales Revenue"
{
    #TRANS 1948 {} 1832.16
    #TRANS 3051 {} -1832.16
    #TRANS 2641 {} 458.04
    #TRANS 3051 {} -458.04
}
#VER "" "20250930-0452" 20250930 "COGS"
{
    #TRANS 4110 {} 3084.50
    #TRANS 1460 {} -3084.50
}
#VER "" "20250930-0453" 20250930 "Sales Revenue"
{
    #TRANS 1948 {} 1433.60
    #TRANS 3051 {} -1433.60
    #TRANS 2641 {} 358.40
    #TRANS 3051 {} -358.40
}
#VER "" "20250930-0454" 20250930 "COGS"
{
    #TRANS 4110 {} 796.00
    #TRANS 1460 {} -796.00
}
#VER "" "20250930-0455" 20250930 "Sales Revenue"
{
    #TRANS 1948 {} 262.82
    #TRANS 3051 {} -262.82
    #TRANS 2641 {} 65.71
    #TRANS 3051 {} -65.71
}
#VER "" "20250930-0456" 20250930 "COGS"
{
    #TRANS 4110 {} 164.50
    #TRANS 1460 {} -164.50
}
#VER "" "20250930-0457" 20250930 "Sales Revenue"
{
    #TRANS 1948 {} 885.60
    #TRANS 3051 {} -885.60
    #TRANS 2641 {} 221.40
    #TRANS 3051 {} -221.40
}
#VER "" "20250930-0458" 20250930 "Sales Revenue"
{
    #TRANS 1948 {} 295.20
    #TRANS 3051 {} -295.20
    #TRANS 2641 {} 73.80
    #TRANS 3051 {} -73.80
}
#VER "" "20250930-0459" 20250930 "Sales Revenue"
{
    #TRANS 1948 {} 295.20
    #TRANS 3051 {} -295.20
    #TRANS 2641 {} 73.80
    #TRANS 3051 {} -73.80
}
#VER "" "20250930-0460" 20250930 "Sales Revenue"
{
    #TRANS 1948 {} 402.86
    #TRANS 3051 {} -402.86
    #TRANS 2641 {} 100.72
    #TRANS 3051 {} -100.72
}
#VER "" "20250930-0461" 20250930 "COGS"
{
    #TRANS 4110 {} 249.50
    #TRANS 1460 {} -249.50
}
#VER "" "20250930-0462" 20250930 "Sales Revenue"
{
    #TRANS 1948 {} 402.86
    #TRANS 3051 {} -402.86
    #TRANS 2641 {} 100.72
    #TRANS 3051 {} -100.72
}
#VER "" "20250930-0463" 20250930 "COGS"
{
    #TRANS 4110 {} 249.50
    #TRANS 1460 {} -249.50
}
#VER "" "20250930-0464" 20250930 "Sales Revenue"
{
    #TRANS 1948 {} 554.40
    #TRANS 3051 {} -554.40
    #TRANS 2641 {} 138.60
    #TRANS 3051 {} -138.60
}
#VER "" "20250930-0465" 20250930 "Sales Revenue"
{
    #TRANS 1948 {} 239.68
    #TRANS 3051 {} -239.68
    #TRANS 2641 {} 59.92
    #TRANS 3051 {} -59.92
}
#VER "" "20250930-0466" 20250930 "COGS"
{
    #TRANS 4110 {} 149.50
    #TRANS 1460 {} -149.50
}
#VER "" "20250930-0467" 20250930 "Sales Revenue"
{
    #TRANS 1948 {} 955.36
    #TRANS 3051 {} -955.36
    #TRANS 2641 {} 238.84
    #TRANS 3051 {} -238.84
}
#VER "" "20250930-0468" 20250930 "COGS"
{
    #TRANS 4110 {} 298.50
    #TRANS 1460 {} -298.50
}
#VER "" "20250930-0469" 20250930 "Sales Revenue"
{
    #TRANS 1948 {} 159.36
    #TRANS 3051 {} -159.36
    #TRANS 2641 {} 39.84
    #TRANS 3051 {} -39.84
}
#VER "" "20250930-0470" 20250930 "COGS"
{
    #TRANS 4110 {} 199.00
    #TRANS 1460 {} -199.00
}
#VER "" "20250930-0471" 20250930 "Sales Revenue"
{
    #TRANS 1948 {} 636.80
    #TRANS 3051 {} -636.80
    #TRANS 2641 {} 159.20
    #TRANS 3051 {} -159.20
}
#VER "" "20250930-0472" 20250930 "COGS"
{
    #TRANS 4110 {} 99.50
    #TRANS 1460 {} -99.50
}
#VER "" "20250930-0473" 20250930 "Sales Revenue"
{
    #TRANS 1948 {} 636.80
    #TRANS 3051 {} -636.80
    #TRANS 2641 {} 159.20
    #TRANS 3051 {} -159.20
}
#VER "" "20250930-0474" 20250930 "Sales Revenue"
{
    #TRANS 1948 {} 158.40
    #TRANS 3051 {} -158.40
    #TRANS 2641 {} 39.60
    #TRANS 3051 {} -39.60
}
#VER "" "20250930-0475" 20250930 "Sales Revenue"
{
    #TRANS 1948 {} 159.36
    #TRANS 3051 {} -159.36
    #TRANS 2641 {} 39.84
    #TRANS 3051 {} -39.84
}
#VER "" "20250930-0476" 20250930 "COGS"
{
    #TRANS 4110 {} 99.50
    #TRANS 1460 {} -99.50
}
#VER "" "20250930-0477" 20250930 "Sales Revenue"
{
    #TRANS 1948 {} 399.20
    #TRANS 3051 {} -399.20
    #TRANS 2641 {} 99.80
    #TRANS 3051 {} -99.80
}
#VER "" "20250930-0478" 20250930 "COGS"
{
    #TRANS 4110 {} 199.50
    #TRANS 1460 {} -199.50
}
#VER "" "20250930-0479" 20250930 "Sales Revenue"
{
    #TRANS 1948 {} 399.20
    #TRANS 3051 {} -399.20
    #TRANS 2641 {} 99.80
    #TRANS 3051 {} -99.80
}
#VER "" "20250930-0480" 20250930 "COGS"
{
    #TRANS 4110 {} 199.50
    #TRANS 1460 {} -199.50
}
#VER "" "20250930-0481" 20250930 "Sales Revenue"
{
    #TRANS 1948 {} 399.20
    #TRANS 3051 {} -399.20
    #TRANS 2641 {} 99.80
    #TRANS 3051 {} -99.80
}
#VER "" "20250930-0482" 20250930 "COGS"
{
    #TRANS 4110 {} 199.50
    #TRANS 1460 {} -199.50
}
#VER "" "20250930-0483" 20250930 "Sales Revenue"
{
    #TRANS 1948 {} 86.40
    #TRANS 3051 {} -86.40
    #TRANS 2641 {} 21.60
    #TRANS 3051 {} -21.60
}
#VER "" "20250930-0484" 20250930 "Sales Revenue"
{
    #TRANS 1948 {} 901.96
    #TRANS 3051 {} -901.96
    #TRANS 2641 {} 225.50
    #TRANS 3051 {} -225.50
}
#VER "" "20250930-0485" 20250930 "COGS"
{
    #TRANS 4110 {} 840.75
    #TRANS 1460 {} -840.75
}
#VER "" "20250930-0486" 20250930 "Sales Revenue"
{
    #TRANS 1948 {} 379.76
    #TRANS 3051 {} -379.76
    #TRANS 2641 {} 94.96
    #TRANS 3051 {} -94.96
}
#VER "" "20250930-0487" 20250930 "COGS"
{
    #TRANS 4110 {} 354.00
    #TRANS 1460 {} -354.00
}
#VER "" "20250930-0488" 20250930 "Sales Revenue"
{
    #TRANS 1948 {} 262.82
    #TRANS 3051 {} -262.82
    #TRANS 2641 {} 65.71
    #TRANS 3051 {} -65.71
}
#VER "" "20250930-0489" 20250930 "COGS"
{
    #TRANS 4110 {} 164.50
    #TRANS 1460 {} -164.50
}
#VER "" "20250930-0490" 20250930 "Sales Revenue"
{
    #TRANS 1948 {} 262.82
    #TRANS 3051 {} -262.82
    #TRANS 2641 {} 65.71
    #TRANS 3051 {} -65.71
}
#VER "" "20250930-0491" 20250930 "COGS"
{
    #TRANS 4110 {} 164.50
    #TRANS 1460 {} -164.50
}
#VER "" "20250930-0492" 20250930 "Sales Revenue"
{
    #TRANS 1948 {} 399.20
    #TRANS 3051 {} -399.20
    #TRANS 2641 {} 99.80
    #TRANS 3051 {} -99.80
}
#VER "" "20250930-0493" 20250930 "Sales Revenue"
{
    #TRANS 1948 {} 399.20
    #TRANS 3051 {} -399.20
    #TRANS 2641 {} 99.80
    #TRANS 3051 {} -99.80
}
#VER "" "20250930-0494" 20250930 "Sales Revenue"
{
    #TRANS 1948 {} 399.20
    #TRANS 3051 {} -399.20
    #TRANS 2641 {} 99.80
    #TRANS 3051 {} -99.80
}
#VER "" "20250930-0495" 20250930 "Sales Revenue"
{
    #TRANS 1948 {} 559.20
    #TRANS 3051 {} -559.20
    #TRANS 2641 {} 139.80
    #TRANS 3051 {} -139.80
}
#VER "" "20250930-0496" 20250930 "Sales Revenue"
{
    #TRANS 1948 {} 1197.60
    #TRANS 3051 {} -1197.60
    #TRANS 2641 {} 299.40
    #TRANS 3051 {} -299.40
}
#VER "" "20250930-0497" 20250930 "Sales Revenue"
{
    #TRANS 1948 {} 798.40
    #TRANS 3051 {} -798.40
    #TRANS 2641 {} 199.60
    #TRANS 3051 {} -199.60
}
#VER "" "20250930-0498" 20250930 "Sales Revenue"
{
    #TRANS 1948 {} 399.20
    #TRANS 3051 {} -399.20
    #TRANS 2641 {} 99.80
    #TRANS 3051 {} -99.80
}
#VER "" "20250930-0499" 20250930 "Sales Revenue"
{
    #TRANS 1948 {} 479.20
    #TRANS 3051 {} -479.20
    #TRANS 2641 {} 119.80
    #TRANS 3051 {} -119.80
}
#VER "" "20250930-0500" 20250930 "Sales Revenue"
{
    #TRANS 1948 {} 239.20
    #TRANS 3051 {} -239.20
    #TRANS 2641 {} 59.80
    #TRANS 3051 {} -59.80
}
#VER "" "20250930-0501" 20250930 "Sales Revenue"
{
    #TRANS 1948 {} 478.40
    #TRANS 3051 {} -478.40
    #TRANS 2641 {} 119.60
    #TRANS 3051 {} -119.60
}
#VER "" "20250930-0502" 20250930 "Sales Revenue"
{
    #TRANS 1948 {} 239.20
    #TRANS 3051 {} -239.20
    #TRANS 2641 {} 59.80
    #TRANS 3051 {} -59.80
}
#VER "" "20250930-0503" 20250930 "Sales Revenue"
{
    #TRANS 1948 {} 239.20
    #TRANS 3051 {} -239.20
    #TRANS 2641 {} 59.80
    #TRANS 3051 {} -59.80
}
#VER "" "20250930-0504" 20250930 "Sales Revenue"
{
    #TRANS 1948 {} 239.20
    #TRANS 3051 {} -239.20
    #TRANS 2641 {} 59.80
    #TRANS 3051 {} -59.80
}
#VER "" "20250930-0505" 20250930 "Sales Revenue"
{
    #TRANS 1948 {} 2843.84
    #TRANS 3051 {} -2843.84
    #TRANS 2641 {} 710.96
    #TRANS 3051 {} -710.96
}
#VER "" "20250930-0506" 20250930 "COGS"
{
    #TRANS 4110 {} 2686.50
    #TRANS 1460 {} -2686.50
}
#VER "" "20250930-0507" 20250930 "Sales Revenue"
{
    #TRANS 1948 {} 134.02
    #TRANS 3051 {} -134.02
    #TRANS 2641 {} 33.50
    #TRANS 3051 {} -33.50
}
#VER "" "20250930-0508" 20250930 "COGS"
{
    #TRANS 4110 {} 84.50
    #TRANS 1460 {} -84.50
}
#VER "" "20250930-0509" 20250930 "Sales Revenue"
{
    #TRANS 1948 {} 78.18
    #TRANS 3051 {} -78.18
    #TRANS 2641 {} 19.54
    #TRANS 3051 {} -19.54
}
#VER "" "20250930-0510" 20250930 "COGS"
{
    #TRANS 4110 {} 49.50
    #TRANS 1460 {} -49.50
}
#VER "" "20250930-0511" 20250930 "Sales Revenue"
{
    #TRANS 1948 {} 312.71
    #TRANS 3051 {} -312.71
    #TRANS 2641 {} 78.17
    #TRANS 3051 {} -78.17
}
#VER "" "20250930-0512" 20250930 "COGS"
{
    #TRANS 4110 {} 198.00
    #TRANS 1460 {} -198.00
}
#VER "" "20250930-0513" 20250930 "Sales Revenue"
{
    #TRANS 1948 {} 119.20
    #TRANS 3051 {} -119.20
    #TRANS 2641 {} 29.80
    #TRANS 3051 {} -29.80
}
#VER "" "20250930-0514" 20250930 "Sales Revenue"
{
    #TRANS 1948 {} 78.18
    #TRANS 3051 {} -78.18
    #TRANS 2641 {} 19.54
    #TRANS 3051 {} -19.54
}
#VER "" "20250930-0515" 20250930 "COGS"
{
    #TRANS 4110 {} 99.00
    #TRANS 1460 {} -99.00
}
#VER "" "20250930-0516" 20250930 "Sales Revenue"
{
    #TRANS 1948 {} 156.36
    #TRANS 3051 {} -156.36
    #TRANS 2641 {} 39.08
    #TRANS 3051 {} -39.08
}
#VER "" "20250930-0517" 20250930 "COGS"
{
    #TRANS 4110 {} 99.00
    #TRANS 1460 {} -99.00
}
#VER "" "20250930-0518" 20250930 "Sales Revenue"
{
    #TRANS 1948 {} 287.04
    #TRANS 3051 {} -287.04
    #TRANS 2641 {} 71.76
    #TRANS 3051 {} -71.76
}
#VER "" "20250930-0519" 20250930 "COGS"
{
    #TRANS 4110 {} 179.00
    #TRANS 1460 {} -179.00
}
#VER "" "20250930-0520" 20250930 "Sales Revenue"
{
    #TRANS 1948 {} 143.52
    #TRANS 3051 {} -143.52
    #TRANS 2641 {} 35.88
    #TRANS 3051 {} -35.88
}
#VER "" "20250930-0521" 20250930 "COGS"
{
    #TRANS 4110 {} 89.50
    #TRANS 1460 {} -89.50
}
#VER "" "20250930-0522" 20250930 "Sales Revenue"
{
    #TRANS 1948 {} 143.52
    #TRANS 3051 {} -143.52
    #TRANS 2641 {} 35.88
    #TRANS 3051 {} -35.88
}
#VER "" "20250930-0523" 20250930 "COGS"
{
    #TRANS 4110 {} 89.50
    #TRANS 1460 {} -89.50
}
#VER "" "20250930-0524" 20250930 "Sales Revenue"
{
    #TRANS 1948 {} 143.52
    #TRANS 3051 {} -143.52
    #TRANS 2641 {} 35.88
    #TRANS 3051 {} -35.88
}
#VER "" "20250930-0525" 20250930 "COGS"
{
    #TRANS 4110 {} 89.50
    #TRANS 1460 {} -89.50
}
#VER "" "20250930-0526" 20250930 "Sales Revenue"
{
    #TRANS 1948 {} 143.52
    #TRANS 3051 {} -143.52
    #TRANS 2641 {} 35.88
    #TRANS 3051 {} -35.88
}
#VER "" "20250930-0527" 20250930 "COGS"
{
    #TRANS 4110 {} 89.50
    #TRANS 1460 {} -89.50
}
#VER "" "20250930-0528" 20250930 "Sales Revenue"
{
    #TRANS 1948 {} 143.52
    #TRANS 3051 {} -143.52
    #TRANS 2641 {} 35.88
    #TRANS 3051 {} -35.88
}
#VER "" "20250930-0529" 20250930 "COGS"
{
    #TRANS 4110 {} 89.50
    #TRANS 1460 {} -89.50
}
#VER "" "20250930-0530" 20250930 "Sales Revenue"
{
    #TRANS 1948 {} 143.52
    #TRANS 3051 {} -143.52
    #TRANS 2641 {} 35.88
    #TRANS 3051 {} -35.88
}
#VER "" "20250930-0531" 20250930 "COGS"
{
    #TRANS 4110 {} 89.50
    #TRANS 1460 {} -89.50
}
#VER "" "20250930-0532" 20250930 "Sales Revenue"
{
    #TRANS 1948 {} 78.18
    #TRANS 3051 {} -78.18
    #TRANS 2641 {} 19.54
    #TRANS 3051 {} -19.54
}
#VER "" "20250930-0533" 20250930 "COGS"
{
    #TRANS 4110 {} 49.50
    #TRANS 1460 {} -49.50
}
#VER "" "20250930-0534" 20250930 "Sales Revenue"
{
    #TRANS 1948 {} 78.18
    #TRANS 3051 {} -78.18
    #TRANS 2641 {} 19.54
    #TRANS 3051 {} -19.54
}
#VER "" "20250930-0535" 20250930 "COGS"
{
    #TRANS 4110 {} 49.50
    #TRANS 1460 {} -49.50
}
#VER "" "20250930-0536" 20250930 "Sales Revenue"
{
    #TRANS 1948 {} 992.80
    #TRANS 3051 {} -992.80
    #TRANS 2641 {} 248.20
    #TRANS 3051 {} -248.20
}
#VER "" "20250930-0537" 20250930 "Sales Revenue"
{
    #TRANS 1948 {} 279.20
    #TRANS 3051 {} -279.20
    #TRANS 2641 {} 69.80
    #TRANS 3051 {} -69.80
}
#VER "" "20250930-0538" 20250930 "Sales Revenue"
{
    #TRANS 1948 {} 279.20
    #TRANS 3051 {} -279.20
    #TRANS 2641 {} 69.80
    #TRANS 3051 {} -69.80
}
#VER "" "20250930-0539" 20250930 "Sales Revenue"
{
    #TRANS 1948 {} 558.40
    #TRANS 3051 {} -558.40
    #TRANS 2641 {} 139.60
    #TRANS 3051 {} -139.60
}
#VER "" "20250930-0540" 20250930 "Sales Revenue"
{
    #TRANS 1948 {} 280.00
    #TRANS 3051 {} -280.00
    #TRANS 2641 {} 70.00
    #TRANS 3051 {} -70.00
}
#VER "" "20250930-0541" 20250930 "Sales Revenue"
{
    #TRANS 1948 {} 279.20
    #TRANS 3051 {} -279.20
    #TRANS 2641 {} 69.80
    #TRANS 3051 {} -69.80
}
#VER "" "20250930-0542" 20250930 "Sales Revenue"
{
    #TRANS 1948 {} 279.20
    #TRANS 3051 {} -279.20
    #TRANS 2641 {} 69.80
    #TRANS 3051 {} -69.80
}
#VER "" "20250930-0543" 20250930 "Sales Revenue"
{
    #TRANS 1948 {} 280.00
    #TRANS 3051 {} -280.00
    #TRANS 2641 {} 70.00
    #TRANS 3051 {} -70.00
}
#VER "" "20250930-0544" 20250930 "Sales Revenue"
{
    #TRANS 1948 {} 239.20
    #TRANS 3051 {} -239.20
    #TRANS 2641 {} 59.80
    #TRANS 3051 {} -59.80
}
#VER "" "20250930-0545" 20250930 "Sales Revenue"
{
    #TRANS 1948 {} 279.20
    #TRANS 3051 {} -279.20
    #TRANS 2641 {} 69.80
    #TRANS 3051 {} -69.80
}
#VER "" "20250930-0546" 20250930 "Sales Revenue"
{
    #TRANS 1948 {} 236.50
    #TRANS 3051 {} -236.50
    #TRANS 2641 {} 59.13
    #TRANS 3051 {} -59.13
}
#VER "" "20250930-0547" 20250930 "COGS"
{
    #TRANS 4110 {} 149.50
    #TRANS 1460 {} -149.50
}
#VER "" "20250930-0548" 20250930 "Sales Revenue"
{
    #TRANS 1948 {} 2253.10
    #TRANS 3051 {} -2253.10
    #TRANS 2641 {} 563.26
    #TRANS 3051 {} -563.26
}
#VER "" "20250930-0549" 20250930 "COGS"
{
    #TRANS 4110 {} 3125.50
    #TRANS 1460 {} -3125.50
}
#VER "" "20250930-0550" 20250930 "Sales Revenue"
{
    #TRANS 1948 {} 2081.60
    #TRANS 3051 {} -2081.60
    #TRANS 2641 {} 520.40
    #TRANS 3051 {} -520.40
}
#VER "" "20250930-0551" 20250930 "COGS"
{
    #TRANS 4110 {} 493.50
    #TRANS 1460 {} -493.50
}
#VER "" "20250930-0552" 20250930 "Sales Revenue"
{
    #TRANS 1948 {} 788.10
    #TRANS 3051 {} -788.10
    #TRANS 2641 {} 197.02
    #TRANS 3051 {} -197.02
}
#VER "" "20250930-0553" 20250930 "COGS"
{
    #TRANS 4110 {} 329.00
    #TRANS 1460 {} -329.00
}
#VER "" "20250930-0554" 20250930 "Sales Revenue"
{
    #TRANS 1948 {} 532.85
    #TRANS 3051 {} -532.85
    #TRANS 2641 {} 133.21
    #TRANS 3051 {} -133.21
}
#VER "" "20250930-0555" 20250930 "COGS"
{
    #TRANS 4110 {} 329.00
    #TRANS 1460 {} -329.00
}
#VER "" "20250930-0556" 20250930 "Sales Revenue"
{
    #TRANS 1948 {} 676.00
    #TRANS 3051 {} -676.00
    #TRANS 2641 {} 169.00
    #TRANS 3051 {} -169.00
}
#VER "" "20250930-0557" 20250930 "Sales Revenue"
{
    #TRANS 1948 {} 804.80
    #TRANS 3051 {} -804.80
    #TRANS 2641 {} 201.20
    #TRANS 3051 {} -201.20
}
#VER "" "20250930-0558" 20250930 "Sales Revenue"
{
    #TRANS 1948 {} 262.45
    #TRANS 3051 {} -262.45
    #TRANS 2641 {} 65.61
    #TRANS 3051 {} -65.61
}
#VER "" "20250930-0559" 20250930 "COGS"
{
    #TRANS 4110 {} 329.00
    #TRANS 1460 {} -329.00
}
#VER "" "20250930-0560" 20250930 "Sales Revenue"
{
    #TRANS 1948 {} 159.20
    #TRANS 3051 {} -159.20
    #TRANS 2641 {} 39.80
    #TRANS 3051 {} -39.80
}
#VER "" "20250930-0561" 20250930 "Sales Revenue"
{
    #TRANS 1948 {} 479.20
    #TRANS 3051 {} -479.20
    #TRANS 2641 {} 119.80
    #TRANS 3051 {} -119.80
}
#VER "" "20250930-0562" 20250930 "Sales Revenue"
{
    #TRANS 1948 {} 958.40
    #TRANS 3051 {} -958.40
    #TRANS 2641 {} 239.60
    #TRANS 3051 {} -239.60
}
#VER "" "20250930-0563" 20250930 "Sales Revenue"
{
    #TRANS 1948 {} 399.20
    #TRANS 3051 {} -399.20
    #TRANS 2641 {} 99.80
    #TRANS 3051 {} -99.80
}
#VER "" "20250930-0564" 20250930 "COGS"
{
    #TRANS 4110 {} 224.50
    #TRANS 1460 {} -224.50
}
#VER "" "20250930-0565" 20250930 "Sales Revenue"
{
    #TRANS 1948 {} 399.20
    #TRANS 3051 {} -399.20
    #TRANS 2641 {} 99.80
    #TRANS 3051 {} -99.80
}
#VER "" "20250930-0566" 20250930 "COGS"
{
    #TRANS 4110 {} 224.50
    #TRANS 1460 {} -224.50
}
#VER "" "20250930-0567" 20250930 "Sales Revenue"
{
    #TRANS 1948 {} 399.20
    #TRANS 3051 {} -399.20
    #TRANS 2641 {} 99.80
    #TRANS 3051 {} -99.80
}
#VER "" "20250930-0568" 20250930 "COGS"
{
    #TRANS 4110 {} 224.50
    #TRANS 1460 {} -224.50
}
#VER "" "20250930-0569" 20250930 "Sales Revenue"
{
    #TRANS 1948 {} 399.20
    #TRANS 3051 {} -399.20
    #TRANS 2641 {} 99.80
    #TRANS 3051 {} -99.80
}
#VER "" "20250930-0570" 20250930 "COGS"
{
    #TRANS 4110 {} 224.50
    #TRANS 1460 {} -224.50
}
#VER "" "20250930-0571" 20250930 "Sales Revenue"
{
    #TRANS 1948 {} 399.20
    #TRANS 3051 {} -399.20
    #TRANS 2641 {} 99.80
    #TRANS 3051 {} -99.80
}
#VER "" "20250930-0572" 20250930 "COGS"
{
    #TRANS 4110 {} 224.50
    #TRANS 1460 {} -224.50
}
#VER "" "20250930-0573" 20250930 "Sales Revenue"
{
    #TRANS 1948 {} 399.20
    #TRANS 3051 {} -399.20
    #TRANS 2641 {} 99.80
    #TRANS 3051 {} -99.80
}
#VER "" "20250930-0574" 20250930 "COGS"
{
    #TRANS 4110 {} 224.50
    #TRANS 1460 {} -224.50
}
#VER "" "20250930-0575" 20250930 "Sales Revenue"
{
    #TRANS 1948 {} 399.20
    #TRANS 3051 {} -399.20
    #TRANS 2641 {} 99.80
    #TRANS 3051 {} -99.80
}
#VER "" "20250930-0576" 20250930 "COGS"
{
    #TRANS 4110 {} 224.50
    #TRANS 1460 {} -224.50
}
#VER "" "20250930-0577" 20250930 "Sales Revenue"
{
    #TRANS 1948 {} 399.20
    #TRANS 3051 {} -399.20
    #TRANS 2641 {} 99.80
    #TRANS 3051 {} -99.80
}
#VER "" "20250930-0578" 20250930 "COGS"
{
    #TRANS 4110 {} 224.50
    #TRANS 1460 {} -224.50
}
#VER "" "20250930-0579" 20250930 "Sales Revenue"
{
    #TRANS 1948 {} 1199.40
    #TRANS 3051 {} -1199.40
    #TRANS 2641 {} 299.85
    #TRANS 3051 {} -299.85
}
#VER "" "20250930-0580" 20250930 "COGS"
{
    #TRANS 4110 {} 749.50
    #TRANS 1460 {} -749.50
}
#VER "" "20250930-0581" 20250930 "Sales Revenue"
{
    #TRANS 1948 {} 1199.40
    #TRANS 3051 {} -1199.40
    #TRANS 2641 {} 299.85
    #TRANS 3051 {} -299.85
}
#VER "" "20250930-0582" 20250930 "COGS"
{
    #TRANS 4110 {} 749.50
    #TRANS 1460 {} -749.50
}
#VER "" "20250930-0583" 20250930 "Sales Revenue"
{
    #TRANS 1948 {} 1438.56
    #TRANS 3051 {} -1438.56
    #TRANS 2641 {} 359.64
    #TRANS 3051 {} -359.64
}
#VER "" "20250930-0584" 20250930 "COGS"
{
    #TRANS 4110 {} 1198.00
    #TRANS 1460 {} -1198.00
}
#VER "" "20250930-0585" 20250930 "Sales Revenue"
{
    #TRANS 1948 {} 479.52
    #TRANS 3051 {} -479.52
    #TRANS 2641 {} 119.88
    #TRANS 3051 {} -119.88
}
#VER "" "20250930-0586" 20250930 "COGS"
{
    #TRANS 4110 {} 299.50
    #TRANS 1460 {} -299.50
}
#VER "" "20250930-0587" 20250930 "Sales Revenue"
{
    #TRANS 1948 {} 479.52
    #TRANS 3051 {} -479.52
    #TRANS 2641 {} 119.88
    #TRANS 3051 {} -119.88
}
#VER "" "20250930-0588" 20250930 "COGS"
{
    #TRANS 4110 {} 299.50
    #TRANS 1460 {} -299.50
}
#VER "" "20250930-0589" 20250930 "Sales Revenue"
{
    #TRANS 1948 {} 799.52
    #TRANS 3051 {} -799.52
    #TRANS 2641 {} 199.88
    #TRANS 3051 {} -199.88
}
#VER "" "20250930-0590" 20250930 "COGS"
{
    #TRANS 4110 {} 299.50
    #TRANS 1460 {} -299.50
}
#VER "" "20250930-0591" 20250930 "Sales Revenue"
{
    #TRANS 1948 {} 959.04
    #TRANS 3051 {} -959.04
    #TRANS 2641 {} 239.76
    #TRANS 3051 {} -239.76
}
#VER "" "20250930-0592" 20250930 "COGS"
{
    #TRANS 4110 {} 599.00
    #TRANS 1460 {} -599.00
}
#VER "" "20250930-0593" 20250930 "Sales Revenue"
{
    #TRANS 1948 {} 479.52
    #TRANS 3051 {} -479.52
    #TRANS 2641 {} 119.88
    #TRANS 3051 {} -119.88
}
#VER "" "20250930-0594" 20250930 "COGS"
{
    #TRANS 4110 {} 299.50
    #TRANS 1460 {} -299.50
}
#VER "" "20250930-0595" 20250930 "Sales Revenue"
{
    #TRANS 1948 {} 80.00
    #TRANS 3051 {} -80.00
    #TRANS 2641 {} 20.00
    #TRANS 3051 {} -20.00
}
#VER "" "20250930-0596" 20250930 "COGS"
{
    #TRANS 4110 {} 299.50
    #TRANS 1460 {} -299.50
}
#VER "" "20250930-0597" 20250930 "Sales Revenue"
{
    #TRANS 1948 {} 479.52
    #TRANS 3051 {} -479.52
    #TRANS 2641 {} 119.88
    #TRANS 3051 {} -119.88
}
#VER "" "20250930-0598" 20250930 "COGS"
{
    #TRANS 4110 {} 299.50
    #TRANS 1460 {} -299.50
}
#VER "" "20250930-0599" 20250930 "Sales Revenue"
{
    #TRANS 1948 {} 959.04
    #TRANS 3051 {} -959.04
    #TRANS 2641 {} 239.76
    #TRANS 3051 {} -239.76
}
#VER "" "20250930-0600" 20250930 "COGS"
{
    #TRANS 4110 {} 599.00
    #TRANS 1460 {} -599.00
}
#VER "" "20250930-0601" 20250930 "Sales Revenue"
{
    #TRANS 1948 {} 1438.56
    #TRANS 3051 {} -1438.56
    #TRANS 2641 {} 359.64
    #TRANS 3051 {} -359.64
}
#VER "" "20250930-0602" 20250930 "COGS"
{
    #TRANS 4110 {} 898.50
    #TRANS 1460 {} -898.50
}
#VER "" "20250930-0603" 20250930 "Sales Revenue"
{
    #TRANS 1948 {} 959.04
    #TRANS 3051 {} -959.04
    #TRANS 2641 {} 239.76
    #TRANS 3051 {} -239.76
}
#VER "" "20250930-0604" 20250930 "COGS"
{
    #TRANS 4110 {} 599.00
    #TRANS 1460 {} -599.00
}
#VER "" "20250930-0605" 20250930 "Sales Revenue"
{
    #TRANS 1948 {} 479.52
    #TRANS 3051 {} -479.52
    #TRANS 2641 {} 119.88
    #TRANS 3051 {} -119.88
}
#VER "" "20250930-0606" 20250930 "COGS"
{
    #TRANS 4110 {} 299.50
    #TRANS 1460 {} -299.50
}
#VER "" "20250930-0607" 20250930 "Sales Revenue"
{
    #TRANS 1948 {} 399.20
    #TRANS 3051 {} -399.20
    #TRANS 2641 {} 99.80
    #TRANS 3051 {} -99.80
}
#VER "" "20250930-0608" 20250930 "Sales Revenue"
{
    #TRANS 1948 {} 279.20
    #TRANS 3051 {} -279.20
    #TRANS 2641 {} 69.80
    #TRANS 3051 {} -69.80
}
#VER "" "20250930-0609" 20250930 "Sales Revenue"
{
    #TRANS 1948 {} 473.00
    #TRANS 3051 {} -473.00
    #TRANS 2641 {} 118.26
    #TRANS 3051 {} -118.26
}
#VER "" "20250930-0610" 20250930 "COGS"
{
    #TRANS 4110 {} 299.00
    #TRANS 1460 {} -299.00
}
#VER "" "20250930-0611" 20250930 "Sales Revenue"
{
    #TRANS 1948 {} 279.20
    #TRANS 3051 {} -279.20
    #TRANS 2641 {} 69.80
    #TRANS 3051 {} -69.80
}
#VER "" "20250930-0612" 20250930 "Sales Revenue"
{
    #TRANS 1948 {} 279.20
    #TRANS 3051 {} -279.20
    #TRANS 2641 {} 69.80
    #TRANS 3051 {} -69.80
}
#VER "" "20250930-0613" 20250930 "COGS"
{
    #TRANS 4110 {} 149.50
    #TRANS 1460 {} -149.50
}